2112 3288
528 210 593 242 m:
619 208 726 242 men.
753 206 866 240 vNG.
908 206 1019 239 nnc.
1041 207 1088 240 x.
1116 206 1160 238 1,.
1189 206 1235 238 x.
1518 201 1524 203 *
1567 189 1669 240 283
1710 214 1713 218 ¹

167 327 547 392 indignationem
588 324 684 373 sibi
711 323 1006 382 conciliaret,
1035 327 1207 372 coacta
1233 338 1410 385 magna
1438 324 1669 372 Tartaro-

171 429 278 464 rum
303 426 445 461 manu
470 410 519 459 in
546 408 849 458 Moldaviam
874 408 1112 472 irrumpit,
1142 423 1201 456 ac
1225 406 1337 455 inde
1364 408 1443 455 vel
1471 423 1547 471 eo,
1573 423 1666 471 quo

166 480 370 547 venerat
391 494 567 544 itinere
593 508 764 543 rursus
790 492 841 541 in
853 492 1128 556 Vngariam
1153 493 1437 556 irrumpere,
1465 506 1539 540 ve*
1570 492 1670 542 sal-

165 585 263 630 tem
287 595 376 643 per
398 577 766 643 Transalpinos
784 576 1205 643 Transylvaniam
1232 574 1415 626 adoriri
1448 581 1665 625 conatur.

163 665 242 714 Ea
289 679 345 713 re
371 662 540 713 audita
573 660 852 727 Stephanus
905 660 1128 711 Boczkai
1166 659 1395 709 continuo
1423 658 1486 708 ad
1525 675 1662 708 arma

166 753 370 799 cunctos
397 753 556 807 vocat,
582 763 641 797 ac
668 745 891 810 Georgio
910 747 1127 812 Borbely
1153 751 1202 795 et
1216 743 1483 794 Benedicto
1510 743 1666 793 Mind-

161 833 351 884 szentio
390 833 440 882 in
465 831 853 898 Transalpinam
878 832 1058 886 missis,
1098 830 1222 880 fines
1261 828 1547 894 provinciae
1587 845 1662 878 ar—

161 917 307 968 matis
333 918 557 983 complet.
586 916 842 966 Fervebat
866 920 973 965 tota
1001 915 1161 964 Dacia
1186 914 1333 974 belle,
1362 928 1420 962 ac
1446 928 1507 961 ne
1522 910 1661 961 Prin-

161 1003 271 1069 cipe
296 1002 363 1053 ad
387 1017 530 1068 opem
544 1000 879 1066 Agriensibus
905 1001 1157 1051 ferendam
1183 999 1418 1064 profecte,
1446 999 1664 1048 barbara

163 1102 288 1152 gens
318 1087 370 1136 in
406 1102 592 1136 vacuas
624 1087 907 1151 provincias
945 1090 1238 1150 erumperet,
1279 1098 1458 1146 magno
1484 1083 1664 1147 ubique

164 1187 271 1222 cum
307 1171 515 1222 tumultu
551 1172 875 1221 metuebatur.
903 1171 1162 1220 Matronae
1200 1184 1259 1218 ac
1298 1168 1437 1232 pueri
1477 1167 1666 1217 eiulati-

164 1257 259 1307 bus
279 1256 440 1307 omnia
465 1257 795 1321 complebant,
830 1261 879 1305 et
916 1255 1077 1305 cuncti
1103 1255 1162 1303 de
1200 1255 1322 1317 fuga
1358 1254 1454 1302 iam
1481 1253 1665 1316 cogita-

160 1342 293 1391 bant.
324 1338 423 1390 Sed
449 1356 565 1390 ecce
592 1355 699 1389 cum
727 1340 932 1390 Tartari
959 1339 1311 1404 Transalpinis
1349 1338 1445 1387 iam
1473 1337 1536 1386 ad
1560 1337 1664 1387 fau-

160 1441 244 1475 ces
252 1425 453 1489 Alpium
467 1425 685 1475 redactis
696 1425 746 1473 in
762 1424 1184 1489 Transylvaniam
1198 1424 1470 1488 irrumpere
1485 1438 1661 1473 conan-

158 1515 251 1573 tur,
275 1526 442 1562 rumor
468 1511 670 1560 affertur
697 1511 761 1559 ad
787 1508 1046 1571 Chamum,
1070 1509 1288 1559 Polonos
1316 1514 1463 1573 atque
1491 1508 1659 1558 Koza-

158 1596 270 1658 kos,
297 1595 630 1661 Moschosque
656 1612 835 1661 magno
850 1610 1052 1646 numero
1080 1595 1273 1655 coiisse,
1306 1594 1377 1643 ita
1403 1594 1660 1654 animatos,

157 1686 212 1731 ut
235 1682 316 1731 vel
339 1682 392 1730 in
419 1681 703 1732 Tartariam
728 1682 1016 1746 irrumpant,
1042 1681 1124 1730 vel
1136 1695 1308 1729 manus
1336 1695 1443 1728 cum
1469 1679 1533 1728 iis
1549 1694 1660 1728 con-

157 1771 340 1816 serant.
368 1765 478 1827 Qua
503 1782 559 1815 re
585 1766 754 1816 audita
776 1780 944 1814 omnes
962 1765 1286 1815 Tartarorum
1301 1764 1488 1827 copiae,
1518 1764 1660 1829 quasi

156 1851 301 1916 signo
353 1851 493 1912 dato,
532 1850 708 1900 itinere
745 1851 897 1915 fugae
936 1850 1099 1911 simili,
1140 1865 1167 1899 e
1194 1849 1534 1915 Transalpina
1571 1849 1659 1898 dif-

150 1924 205 1976 fu
242 1939 340 1975 ere.

205 1940 241 1990 g
296 2009 510 2058 Michael
534 2008 805 2068 Palatinus,
834 2009 1030 2072 cognito
1057 2007 1384 2058 Tartarorum
1422 2008 1659 2069 discessu,

153 2093 325 2158 copias
364 2107 533 2143 omnes
572 2108 633 2141 ex
659 2092 925 2157 praesidiis
953 2093 1154 2158 colligit,
1196 2098 1244 2141 et
1281 2108 1403 2157 quas
1440 2098 1606 2158 potest
1631 2109 1657 2142 6

153 2178 527 2244 Transylvania
553 2182 741 2236 evocat,
781 2193 840 2227 eo
878 2178 1059 2237 anim0,
1110 2182 1164 2227 ut
1201 2178 1408 2228 traiecto
1446 2178 1655 2227 navibus

151 2262 384 2314 Danubio
409 2262 460 2311 in
486 2251 774 2326 Bulgariam
802 2262 979 2313 Turcis
1006 2279 1210 2312 vacuam
1236 2263 1492 2328 irrumpat,
1529 2279 1656 2312 eam-

152 2363 247 2414 que
273 2346 519 2397 deditione
540 2346 716 2412 capiat.
757 2348 876 2398 Mox
901 2348 1158 2398 tormentis
1173 2348 1223 2397 in
1249 2348 1483 2398 maiorem
1510 2347 1656 2396 Nico-

149 2432 298 2498 polim
326 2429 474 2496 (quae
512 2432 644 2481 ultra
670 2431 950 2482 Danubium
977 2433 1074 2482 sita
1115 2438 1204 2494 est,
1243 2433 1362 2482 urbs
1397 2437 1445 2480 et
1483 2430 1654 2498 ampli-

150 2516 317 2566 tudine
344 2521 394 2565 61
417 2516 684 2566 munitione
722 2517 851 2567 haud
891 2513 1264 2582 contemnenda)
1305 2517 1506 2567 directis
1546 2518 1651 2567 dies
1688 2555 1691 2561 Α

150 2605 416 2665 noctesque
442 2601 644 2651 intonat.
676 2600 776 2652 Sed
803 2603 1060 2668 quominus
1075 2602 1358 2652 Danubium
1382 2602 1650 2663 transierit,

148 2686 368 2751 urbeque
418 2686 602 2750 potitus
651 2688 812 2739 fuerit.
838 2689 1092 2755 insperato
1136 2687 1382 2737 veredarii
1436 2686 1648 2737 adventu

151 2771 331 2820 factum
370 2775 462 2831 est,
500 2771 583 2835 qui
624 2787 650 2820 6
690 2773 830 2822 clade
857 2773 1095 2838 Agriensi
1122 2791 1152 2822 a
1184 2772 1414 2835 Principe
1452 2772 1647 2833 missus,

149 2871 253 2907 rem
279 2869 481 2915 omnem,
507 2855 578 2904 uti
602 2861 748 2920 gesta
773 2859 947 2918 fuerat,
988 2858 1220 2909 Michaeli
1244 2858 1368 2906 clam
1396 2856 1646 2920 significa-

149 2944 303 2999 verat,
331 2944 379 2988 et
405 2943 458 2988 ut
482 2939 531 2989 in
557 2940 812 3005 provincia
838 2958 892 2993 se
919 2945 1204 3004 contineret,
1231 2942 1453 3006 finesque
1480 2940 1642 3006 Regni

150 3030 320 3075 contra
333 3023 586 3075 Barbaros
612 3024 661 3074 in
681 3025 947 3077 Thraciam
971 3043 1262 3078 reversuros
1287 3031 1521 3086 tueretur,
1550 3025 1640 3077 Pa-
