2112 3288
474 187 539 219 ΒΕ
565 186 674 218 nnn.
701 183 812 218 vno.
839 183 950 217 nnc.
977 184 1025 218 X.
1054 197 1124 203 -—
1149 185 1439 218 PRAEFATIO.
1485 200 1493 203 <
1678 172 1725 221 .9

225 303 412 353 adium
436 301 834 364 Hungaricorum
860 300 971 364 pari
997 300 1140 350 modo
1175 300 1503 363 digestorum,
1531 293 1728 364 gustum

219 385 406 438 nostis
445 384 724 434 hominibus
762 376 1081 447 praeberem,
1122 397 1245 447 quos
1284 383 1577 447 aliquande,
1618 385 1729 435 Deo

219 469 422 535 auspice
446 469 672 533 integros
692 468 1026 533 promulgare,
1055 467 1099 516 si
1123 466 1406 517 liberalitas
1434 466 1728 518 Serenitatis

221 553 379 615 Tuae,
404 552 647 613 annuerit,
676 552 908 606 conabor.
935 550 1016 600 Ad
1040 552 1191 613 haec,
1217 556 1271 601 ut
1296 551 1528 615 quoniam
1553 568 1729 617 propo-

220 636 311 698 sui,
340 633 634 686 Serenitatis
658 637 800 686 Tuae
825 636 1022 697 famam,
1046 641 1194 700 atque
1219 634 1547 701 principalem
1574 635 1730 701 digni-

218 726 372 771 tatem
409 721 506 771 hoc
544 721 748 786 scriptor
771 726 944 770 contra
970 720 1225 770 sinistram
1263 719 1512 770 hominum
1545 717 1733 770 Censu⁴

219 821 327 855 ram
342 805 484 867 tueri,
513 806 626 855 Tua
651 805 892 872 imprimis
909 804 1167 855 Serenitas
1194 804 1425 869 quicquid
1439 804 1729 864 addendum,

220 889 302 939 vel
328 889 711 951 detrahendum,
751 890 829 939 vel
859 889 1007 939 etiam
1034 889 1387 939 immutandum
1418 889 1468 937 in
1496 904 1581 950 eo,
1620 889 1732 949 im0‚

218 973 709 1040 supprimendumne‚
750 990 813 1023 an
851 973 1266 1039 promulgandum
1298 974 1386 1035 sit,
1428 988 1595 1024 secum
1620 973 1734 1039 ipsa

218 1058 473 1110 iudicaret.
513 1059 642 1109 Nam
682 1074 776 1123 ego
809 1058 929 1119 hoc,
974 1058 1207 1123 quicquid
1245 1063 1322 1108 est
1358 1058 1564 1119 laboris,
1593 1059 1734 1108 Tuae

219 1141 513 1198 serenitatis
539 1148 789 1207 tamquam
814 1142 1065 1208 Principis
1093 1141 1436 1203 eruditissimi,
1465 1148 1514 1192 et
1540 1143 1732 1207 sapien-

219 1226 399 1278 tissimi
409 1217 604 1276 'iudicio
630 1226 992 1289 trutinandum,
1018 1226 1311 1286 limandum,
1340 1226 1733 1287 examinandum,

223 1312 566 1376 corrigendum
594 1311 816 1361 subiieio.
853 1311 1188 1372 Quamobrem
1216 1310 1547 1361 Serenitatem
1575 1312 1736 1361 Tuam

223 1397 373 1447 etiam
398 1400 547 1460 atque
575 1396 723 1446 etiam
750 1411 863 1458 010,
902 1400 956 1445 111
982 1395 1074 1446 has
1100 1411 1237 1445 meas
1281 1396 1484 1460 vigilias
1512 1413 1610 1446 non
1637 1396 1737 1446 exi-

224 1482 339 1546 guis
375 1481 634 1532 laboribus
673 1482 1018 1543 elucubratas,
1058 1480 1241 1531 illustri
1280 1481 1446 1544 gratia
1490 1481 1736 1546 excipere,

159 1562 164 1567 “
225 1571 374 1630 atque
412 1582 516 1627 me,
562 1580 743 1631 operas
780 1580 1035 1632 pensaque
1073 1565 1285 1631 Reipub.
1331 1565 1499 1630 qualia
1535 1566 1737 1630 possim,

223 1649 527 1712 tradentem,
562 1650 870 1714 benignitate
897 1648 1023 1711 Sua,
1052 1655 1200 1714 atque
1239 1649 1573 1699 munificentia
1598 1648 1740 1698 Prin-

188 1742 189 1747 ’
223 1734 334 1800 cipe
361 1733 514 1798 digna
552 1735 812 1800 complecti
837 1751 934 1784 non
962 1735 1281 1799 dedignetur,
1320 1740 1374 1784 ut
1400 1734 1562 1799 siquid
1600 1734 1651 1783 in
1677 1734 1739 1783 iis

226 1819 616 1881 desideraretur,
646 1821 913 1870 clementer
938 1820 989 1869 id
1015 1820 1134 1869 mihi
1161 1820 1457 1881 condonare,
1485 1825 1535 1869 et
1560 1824 1613 1869 ut
1639 1834 1739 1868 mu-

224 1903 323 1954 tari
347 1903 529 1970 possit,
557 1919 846 1968 suggerere,
874 1920 964 1969 pro
992 1920 1098 1966 silo,
1125 1921 1248 1968 erga
1274 1904 1350 1954 sui
1376 1905 1585 1953 nominis
1614 1905 1742 1953 exis-

224 1985 526 2039 timationem
549 2026 559 2051 ,
611 1989 774 2039 studio
824 2005 922 2039 non
959 1995 1210 2054 gravetur.
1259 1989 1417 2055 Spero
1457 1995 1650 2050 tamen,
1693 1994 1743 2039 et

224 2073 356 2138 apud
380 2073 706 2139 principalem
734 2075 895 2124 Tuam
922 2074 1255 2124 Serenitatem
1282 2074 1545 2124 Dominum
1583 2090 1742 2123 meum

226 2154 714 2219 Clementissimum,
754 2163 803 2208 et
842 2159 974 2224 apud
1011 2163 1213 2208 nostros
1252 2159 1512 2218 homines,
1556 2157 1741 2207 talibus

224 2241 443 2306 alioquin
466 2242 681 2291 literatis
699 2243 965 2293 ‘laboribus
991 2258 1089 2292 non
1116 2243 1242 2293 satis
1270 2257 1482 2307 aequos,
1524 2243 1740 2306 gratiam

223 2335 300 2375 me
327 2326 544 2390 aliquam
571 2341 697 2385 esse,
724 2327 819 2377 hoc
845 2327 994 2377 etiam
1020 2327 1216 2376 nomine
1242 2327 1499 2386 initurum,
1535 2326 1667 2392 quod
1693 2331 1743 2375 et

224 2408 423 2473 legibus
461 2406 649 2460 nostris
677 2410 988 2474 digerendis,
1030 2427 1090 2460 ac
1127 2410 1456 2476 Imperatorio
1495 2411 1599 2460 Iuri
1635 2425 1745 2461 con-

224 2492 500 2557 iungendis,
529 2493 796 2544 immensos
820 2500 971 2557 certe,
994 2511 1054 2544 ac
1079 2494 1401 2545 incredibiles
1428 2494 1630 2543 labores
1657 2494 1743 2542 im-

224 2577 493 2643 penderim,
521 2584 570 2627 et
598 2577 894 2629 Serenitatis
922 2580 1154 2636 Vestrae,
1183 2595 1444 2644 rerumque
1469 2579 1743 2644 patriarum

224 2659 492 2727 praeconio
519 2677 610 2724 pro
638 2662 767 2711 virili
808 2679 918 2713 mea
942 2669 1087 2729 parte
1113 2679 1211 2714 non
1238 2665 1503 2730 defuerim,
1543 2677 1660 2721 nec,
1700 2660 1744 2708 si

226 2744 523 2805 liberalitas,
551 2750 698 2809 atque
726 2747 1055 2798 munificentia
1071 2748 1213 2798 Tuae
1229 2746 1538 2806 Serenitatis,
1564 2744 1614 2793 111
1640 2749 1743 2794 1010

226 2835 472 2889 terrarum
499 2826 637 2878 Orbe
665 2830 1084 2896 decantatissima,
1112 2850 1172 2883 ac
1198 2832 1523 2883 celeberrima
1551 2829 1742 2894 coeptis

226 2913 358 2963 meis
385 2913 699 2978 aspiraverit,
728 2918 890 2980 quoad
903 2918 1091 2980 vixer0,
1114 2912 1368 2968 defuturus
1391 2915 1500 2964 sim.
1530 2912 1631 2962 Sed
1646 2913 1745 2962 iam

227 3013 289 3048 ne
316 2997 482 3048 multis
497 2999 760 3049 verborum
783 3002 1078 3067 ambagibus
1093 3004 1385 3067 obstrepere
1403 2999 1588 3059 videar,
1603 2997 1743 3048 Prin-
