2112 3288
419 165 522 215 124
951 184 1013 218 10.
1040 184 1172 217 nucu
1193 185 1390 218 BARovn

415 314 542 348 mum
590 305 849 365 tyrannum
877 308 1158 368 sumpturus
1187 306 1275 360 est,
1314 305 1490 364 sponte
1530 301 1672 350 nobis
1713 302 1912 363 auxilia,

417 387 562 446 atque
600 384 921 445 patrocinium
966 386 1240 450 pollicetur,
1292 399 1479 447 nosque
1528 385 1578 432 in
1628 385 1914 434 societatem

416 466 546 514 sacri
572 465 716 515 huius
743 468 861 517 belli
900 469 1109 519 sollicite
1144 467 1332 516 invitat,
1381 467 1510 527 Quid
1547 468 1589 516 si
1627 468 1752 517 hanc
1777 482 1912 517 occa-

415 549 603 598 sionem
653 550 983 614 amiserimus,
1046 551 1316 614 iuratisque
1382 549 1653 599 Christiani
1703 550 1912 600 nominis

416 632 640 682 hostibus
665 634 843 697 potius,
872 651 1017 699 quam
1032 634 1344 697 Christianis,
1374 651 1433 683 ac
1458 635 1697 684 fratribus
1712 634 1911 697 nostris,

414 730 535 780 quos
563 716 733 765 eadem
771 718 1040 782 religionis,
1082 733 1281 780 morum,
1308 718 1518 782 patriae,
1559 723 1704 782 atque
1731 733 1912 780 cognaa
1956 710 1959 712 ’

412 798 558 847 tionis
586 800 801 849 societas
841 802 984 850 nobis
1023 800 1286 861 coniunxit,
1328 801 1717 859 adhaeserimus,
1745 800 1910 850 videte
1943 860 1946 863 Ι

413 883 559 931 etiam
586 887 731 945 atque
747 883 907 943 etiam,
929 898 989 931 ne
1005 883 1292 947 pertinacia,
1306 886 1452 946 atque
1465 884 1643 932 mutuis
1657 883 1912 932 simultati-

410 966 503 1014 bus
516 965 566 1013 in
581 982 688 1014 eam
702 966 948 1015 fortunam
963 966 1293 1022 deveniamus,
1319 971 1372 1015 ut
1386 966 1515 1030 quod
1528 982 1653 1016 nunc
1669 965 1910 1016 Christia-

412 1062 505 1096 nus
546 1048 679 1096 orbis
742 1053 916 1110 sponte
968 1049 1111 1100 nobis
1153 1049 1216 1097 ad
1242 1048 1591 1112 defensionem,
1618 1054 1677 1098 ac
1704 1051 1911 1100 salutem

410 1131 603 1196 patriae
640 1136 841 1181 nostrae
868 1137 1089 1182 amanter
1116 1134 1276 1194 offert,
1316 1132 1367 1180 id
1403 1133 1721 1196 imposterum
1756 1133 1910 1183 inani-

410 1217 501 1263 bus
527 1214 775 1278 lacrymiS,
809 1232 868 1264 ac
912 1216 1142 1280 precibus
1183 1231 1294 1265 sero
1331 1216 1543 1276 tandem,
1585 1231 1644 1264 ac
1667 1215 1808 1265 irrito
1833 1231 1911 1265 co-

410 1304 528 1347 natu
553 1299 616 1347 ab
644 1314 702 1347 eo
728 1304 897 1363 petere
937 1314 1181 1363 cogamur.
1221 1300 1304 1348 Me
1342 1299 1535 1363 quidem
1575 1314 1683 1348 eum
1716 1314 1911 1370 semper

410 1381 691 1445 Principem
718 1382 983 1444 habebitis,
1028 1383 1109 1446 qui
1149 1388 1197 1431 et
1223 1383 1391 1431 vivere
1418 1383 1685 1444 vobiscum,
1713 1388 1762 1432 et
1786 1384 1910 1434 mori

410 1465 797 1528 quandocunque
824 1466 1097 1515 necessitas
1136 1466 1205 1514 ita
1243 1467 1423 1526 tulerit,
1450 1466 1797 1531 paratissimus
1824 1467 1925 1534 sit.>

414 1548 605 1597 Habuit
632 1548 759 1597 hanc
785 1550 1057 1598 orationem
1082 1549 1314 1614 princeps
1339 1566 1522 1613 magna
1561 1566 1668 1600 cum
1695 1551 1904 1600 omnium

410 1632 746 1693 admiratione,
777 1638 825 1681 et
850 1634 1118 1682 attentione
1146 1634 1283 1694 ade0,
1310 1638 1363 1683 ut
1377 1650 1483 1683 cum
1504 1650 1749 1699 nunquam
1762 1639 1909 1684 antea

408 1716 603 1779 publice
629 1717 819 1765 locutus
845 1717 1037 1776 fuisset,
1065 1717 1230 1766 multis
1244 1722 1359 1766 tunc
1375 1718 1590 1767 cordatis
1616 1718 1906 1776 hominibus,

402 1799 588 1863 partim
611 1799 824 1848 facunda
850 1800 1092 1848 sermonis
1118 1800 1287 1861 nativi,
1317 1801 1555 1865 latinique
1581 1802 1757 1865 gratia,
1797 1818 1907 1867 par-

408 1883 491 1930 tim
530 1883 813 1932 veneranda
869 1883 1079 1947 quadam
1130 1885 1294 1934 vultus
1345 1885 1617 1947 alacritate,
1655 1874 1904 1950 lacrymas

408 1984 528 2032 prae
554 1969 704 2017 tacito
730 1969 909 2031 gaudio
948 1970 1237 2018 excusserit.
1279 1969 1547 2033 Postquam
1584 1971 1735 2033 igitur
1766 1969 1904 2030 haec,

407 2056 554 2115 atque
582 2053 658 2101 his
685 2052 865 2101 similia
892 2053 1005 2114 alia,
1032 2053 1243 2101 maximo
1283 2069 1390 2103 cum
1428 2054 1638 2103 omnium
1674 2054 1724 2102 in
1750 2068 1806 2103 se
1831 2069 1905 2102 or-

406 2134 568 2183 dinum
605 2150 769 2184 amore
807 2136 857 2183 in
895 2131 1103 2185 medium
1144 2136 1301 2199 gravi,
1340 2150 1496 2200 eaque
1534 2136 1762 2186 continua
1797 2151 1905 2186 ora-

402 2217 535 2266 tione
561 2219 867 2282 protulisset:
905 2219 1148 2268 Proeeres
1186 2234 1276 2282 pro
1310 2224 1448 2267 tanta
1487 2219 1592 2268 eius
1617 2220 1668 2267 in
1691 2219 1901 2283 patriam

405 2314 536 2359 cura,
564 2315 624 2348 ac
647 2305 857 2364 paterna
883 2302 1156 2362 affectione,
1183 2301 1374 2364 gratias
1389 2301 1434 2349 ei
1448 2301 1726 2364 singulares
1740 2317 1903 2364 egere,

406 2387 455 2430 et
481 2383 708 2445 quoniam
733 2385 858 2433 tanti
884 2385 1109 2433 momenti
1139 2390 1275 2434 esset
1299 2384 1756 2445 haecdeliberatim
1782 2390 1899 2434 tem-

403 2480 496 2529 pus
522 2465 571 2530 in
608 2466 820 2515 medium
860 2466 1145 2516 consulendi
1183 2467 1404 2531 petivere
1444 2467 1602 2528 simul,
1642 2483 1701 2516 ac
1725 2468 1895 2532 impet-

413 2564 605 2598 ravere.
643 2551 722 2598 Ita
746 2550 968 2614 principe
993 2551 1051 2619 in⁴
1067 2550 1303 2599 interiora
1329 2566 1383 2599 se
1403 2551 1578 2615 palatii
1617 2552 1899 2616 recipiente,

407 2646 496 2680 sua
523 2632 728 2695 quisque
762 2632 1036 2682 diversoria
1074 2633 1306 2697 petivere,
1349 2649 1553 2698 eumque
1591 2633 1718 2683 diem
1756 2634 1900 2684 seriis

404 2715 843 2765 deliberationibus
869 2721 1173 2779 transegere.
1222 2715 1426 2766 Postero
1466 2718 1545 2766 die
1571 2718 1765 2766 collatis
1792 2709 1900 2766 sen-

402 2798 583 2859 tentiis,
637 2799 1014 2863 convocatisque
1041 2799 1274 2860 consiliis,
1301 2800 1659 2863 responderunt
1685 2799 1898 2849 Ordines

403 2882 579 2944 Regni,
607 2884 777 2931 eodem
804 2884 1083 2941 convocati,
1110 2899 1198 2947 per
1237 2885 1469 2932 Ioannem
1510 2884 1682 2944 Forro,
1718 2899 1897 2947 nequa-

411 2981 553 3029 quam
571 2967 621 3013 id
636 2983 661 3015 e
678 2968 929 3029 dignitate,
956 2983 1108 3032 reque
1124 2967 1370 3033 Principis
1385 2968 1504 3030 fore,
1530 2973 1583 3016 ut
1608 2982 1774 3016 omnes
1800 2968 1896 3017 sin·
