2112 3288
542 206 608 239 nn
652 205 763 239 REB.
791 204 904 240 vm.
929 206 1039 239 nnc·
1066 204 1112 239 x.
1139 207 1184 241 L.
1214 208 1277 242 vl.
1533 214 1536 215 ⁷
1598 197 1696 247 112)
1722 226 1726 230 >

183 331 332 377 noctu
355 328 566 385 montes,
589 323 671 388 qui
697 323 1016 374 circacircum
1053 330 1181 386 sunt,
1226 326 1481 391 dispositis
1522 310 1695 394 equiti-

181 410 317 461 tibus
343 411 601 473 occupant,
630 423 743 457 mox
770 407 1089 458 illucescente
1130 409 1208 459 die
1248 412 1476 475 pernices
1503 414 1696 477 equites

188 493 253 544 ad
266 507 468 558 campos
485 492 725 551 emittunt,
755 492 838 556 qui
850 493 1041 557 passim
1056 499 1231 544 cuncta
1249 495 1381 544 ferro
1407 494 1701 560 flammaque

186 576 440 637 misceant,
466 576 538 626 ita
563 575 787 625 homines
814 577 965 627 citato
1004 579 1225 640 tumultU,
1267 578 1380 628 dum
1419 579 1482 627 ad
1523 581 1699 645 sylvas

180 667 478 727 properant,
530 666 580 711 et
622 661 720 710 sibi
758 661 967 726 quisque
1008 663 1234 724 consulit,
1274 663 1326 711 in
1349 663 1558 713 insidias
1584 664 1701 713 inci-

186 745 320 808 dunt,
349 746 730 810 caedunturque.
762 744 1133 811 Saepenumero
1161 752 1394 798 strenuos
1432 749 1565 797 nacti
1590 748 1703 797 hos-

185 834 264 879 tes
288 829 498 893 fugiunt,
523 829 743 893 fugaque
769 830 917 891 facta,
944 835 1060 894 post
1086 845 1141 880 se
1159 846 1245 880 eos
1261 831 1496 893 alliciunt,
1513 832 1703 882 demum

184 913 336 977 longo
363 928 511 963 cursu
550 913 869 976 defatigatos,
908 915 1071 964 subito
1113 916 1357 978 conversi,
1398 916 1700 975 adoriuntur.

181 997 295 1048 Non
319 1013 436 1048 raro
464 997 613 1047 etiam
645 997 873 1062 depressi
887 997 935 1046 in
950 998 1143 1063 praelio
1157 1015 1218 1048 ex
1228 999 1484 1058 industria,
1511 1005 1565 1049 ut
1590 1000 1704 1049 hos-

179 1087 279 1132 tem
309 1082 585 1143 admittant,
613 1097 726 1131 mox
754 1082 1023 1132 admissum
1064 1083 1115 1132 in
1155 1083 1354 1133 sibilum
1414 1084 1574 1134 coacti
1609 1084 1701 1133 cir-

183 1166 509 1216 cumveniunt.
525 1166 829 1231 Quacunque
856 1167 950 1216 iter
975 1167 1176 1229 faciunt,
1206 1167 1315 1217 dira
1342 1169 1603 1218 confestim
1630 1169 1701 1218 fa-

185 1265 291 1300 mes
315 1250 498 1315 ubique
525 1251 858 1316 consequitur.
889 1251 1018 1300 Nam
1040 1257 1244 1316 propter
1258 1252 1521 1301 frustulum
1536 1252 1701 1302 carnis

185 1335 350 1384 vivum
388 1339 608 1385 mactare
647 1337 826 1385 bovem
874 1350 971 1384 non
1023 1336 1261 1398 dubitant,
1318 1341 1535 1386 ceterum
1574 1353 1700 1401 quos

188 1420 387 1469 auferre
413 1425 676 1484 nequeunt,
703 1420 909 1484 perinde
936 1425 989 1470 ut
1014 1420 1238 1470 homines
1266 1421 1429 1486 capite
1457 1427 1699 1471 truncant.

182 1503 346 1566 Victa,
372 1504 444 1554 uti
468 1504 567 1554 iam
594 1504 775 1554 dictum
802 1510 892 1566 est,
922 1510 1023 1553 tam
1062 1505 1210 1554 foedo
1248 1510 1462 1568 utuntur,
1488 1511 1542 1555 ut
1565 1506 1702 1570 pedi-

183 1590 336 1651 culos,
362 1589 537 1649 mulas,
566 1604 731 1650 canes,
757 1589 899 1651 feles,
926 1590 1007 1638 lac
1031 1605 1153 1654 prae
1186 1589 1381 1650 ceteris,
1422 1595 1472 1639 et
1499 1591 1698 1654 sangui-

180 1689 291 1723 nem
317 1673 560 1737 equinum,
576 1673 915 1738 humanasque
943 1689 1135 1734 carnes,
1152 1674 1365 1724 maxime
1379 1674 1698 1736 inimicorum,

182 1757 327 1807 avide
354 1756 626 1806 comedunt.
656 1758 714 1806 In
742 1755 964 1806 Cumano
992 1757 1189 1822 quidem
1215 1757 1349 1807 bello
1377 1774 1485 1808 cum
1518 1759 1699 1807 multos

185 1841 410 1906 captivos
436 1841 701 1902 haberent,
743 1856 914 1891 omnes
954 1841 1283 1904 decimarunt,
1331 1843 1700 1907 decimatosque

187 1923 457 1990 percupide
498 1924 816 1985 devorarunt,
868 1925 957 1973 sed
1007 1931 1056 1974 et
1106 1926 1155 1974 in
1197 1927 1469 1990 penultimo
1532 1942 1699 1976 eorum

187 2024 414 2073 egressU,
441 2008 553 2058 dum
579 2008 829 2072 Tokajum
856 2009 1161 2071 obsiderent,
1188 2010 1443 2073 humanas,
1472 2011 1696 2060 invitatis

183 2098 287 2143 tam
313 2093 508 2154 Turcis,
548 2109 695 2157 quam
735 2092 1051 2154 Christianis,
1092 2095 1352 2168 appositas
1392 2096 1456 2145 ad
1495 2110 1697 2144 vescen-

183 2178 297 2227 dum
322 2192 513 2238 carneS,
541 2178 605 2226 ab
639 2177 850 2227 oculatis
889 2178 1102 2228 testibus
1140 2179 1435 2244 accepimus.
1488 2178 1696 2229 Patinas

180 2262 382 2325 habent,
412 2268 462 2313 et
487 2262 616 2312 ollas
644 2255 836 2324 aereas,
865 2278 1050 2328 easque
1078 2263 1242 2314 secum
1270 2280 1467 2330 semper
1482 2268 1696 2328 gestant,

181 2347 541 2411 sed’nunquam
566 2351 797 2412 purgant,
824 2353 877 2396 ut
904 2348 986 2411 qui
1014 2349 1245 2399 sordibus
1272 2349 1434 2413 magis
1451 2349 1696 2399 delecten-

182 2437 275 2494 tur,
303 2448 448 2496 quam
475 2447 562 2482 eas
600 2432 957 2482 abominentur.
984 2433 1176 2484 Habitu
1200 2439 1402 2484 utuntur
1434 2434 1578 2498 nigro
1606 2449 1690 2497 ge-

178 2520 403 2577 nutenus,
429 2531 523 2580 quo
550 2533 642 2566 nec
668 2517 890 2578 brachia,
930 2533 1022 2567 nec
1059 2519 1235 2580 latera,
1274 2534 1367 2568 nec
1394 2524 1582 2583 pectus,
1609 2534 1691 2566 ne-

179 2616 274 2665 que
299 2600 492 2664 reliqua
516 2616 638 2665 pars
678 2617 857 2667 supra,
908 2602 1138 2667 infraque
1175 2604 1458 2652 umbilicum
1496 2603 1693 2666 tegitur.

179 2684 395 2734 Indusiis
420 2684 644 2749 plerique
671 2690 854 2747 carent,
885 2691 933 2735 et
959 2687 1056 2735 nisi
1084 2702 1322 2736 summum
1348 2687 1508 2749 frigus
1536 2687 1690 2751 impe-

177 2769 295 2830 diat,
322 2769 439 2818 nudi
465 2769 755 2835 quandoque
780 2771 1012 2821 incedere
1039 2787 1137 2821 non
1177 2773 1486 2821 erubescunt.
1530 2770 1686 2820 Pileis

178 2858 381 2903 utuntur
429 2853 611 2915 variis,
673 2855 885 2904 maxime
931 2861 1097 2905 tamen
1147 2856 1196 2904 in
1235 2856 1409 2904 mitrae
1456 2856 1686 2919 speciem,

178 2938 328 2997 cori0,
355 2937 636 3001 laminaque
662 2937 828 2988 ferrea
853 2940 1061 2989 brachia
1098 2940 1329 2996 muniunt,
1368 2939 1591 3002 potiores
1618 2946 1689 2990 ta-

183 3037 295 3071 men
321 3021 500 3085 galeas
539 3037 566 3070 e
606 3022 741 3072 corio
780 3024 984 3087 fingunt,
1019 3024 1166 3088 pauci
1207 3024 1409 3083 lancois,
1438 3040 1498 3073 ac
1524 3025 1692 3087 scutis,

1424 3117 1476 3158 8³³
