<?xml version="1.0" encoding="UTF-8"?>
<!DOCTYPE html PUBLIC "-//W3C//DTD XHTML 1.0 Transitional//EN"
    "http://www.w3.org/TR/xhtml1/DTD/xhtml1-transitional.dtd">
<html xmlns="http://www.w3.org/1999/xhtml" xml:lang="en" lang="en">
 <head>
  <title>
</title>
<meta http-equiv="Content-Type" content="text/html;charset=utf-8" />
  <meta name='ocr-system' content='tesseract 3.04.00' />
  <meta name='ocr-capabilities' content='ocr_page ocr_carea ocr_par ocr_line ocrx_word'/>
</head>
<body>
  <div class='ocr_page' id='page_1' title='image "./baronyaidecsij00deciuoft_0224.png"; bbox 0 0 2112 3288; ppageno 0'>
   <div class='ocr_carea' id='block_1_1' title="bbox 471 141 1451 197">
    <p class='ocr_par' dir='ltr' id='par_1_1' title="bbox 471 141 1451 197">
     <span class='ocr_line' id='line_1_1' title="bbox 471 141 1451 197; baseline 0.005 -5"><span class='ocrx_word' id='word_1_1' title='bbox 471 141 571 192; x_wconf 85' lang='lat'>140</span> <span class='ocrx_word' id='word_1_2' title='bbox 645 175 646 179; x_wconf 57' lang='lat'><em>=</em></span> <span class='ocrx_word' id='word_1_3' title='bbox 1003 161 1066 194; x_wconf 84' lang='lat'>10.</span> <span class='ocrx_word' id='word_1_4' title='bbox 1094 161 1230 194; x_wconf 76' lang='lat' dir='ltr'>DEcn</span> <span class='ocrx_word' id='word_1_5' title='bbox 1255 163 1451 197; x_wconf 75' lang='lat' dir='ltr'>BARovn</span> 
     </span>
    </p>
   </div>
   <div class='ocr_carea' id='block_1_2' title="bbox 465 275 1954 2187">
    <p class='ocr_par' dir='ltr' id='par_1_2' title="bbox 465 275 1954 2187">
     <span class='ocr_line' id='line_1_2' title="bbox 469 275 1949 343; baseline 0.003 -20"><span class='ocrx_word' id='word_1_6' title='bbox 469 280 591 324; x_wconf 85' lang='lat' dir='ltr'>rent.</span> <span class='ocrx_word' id='word_1_7' title='bbox 646 276 726 325; x_wconf 93' lang='lat' dir='ltr'>Illi</span> <span class='ocrx_word' id='word_1_8' title='bbox 752 277 901 340; x_wconf 83' lang='lat' dir='ltr'>igitur</span> <span class='ocrx_word' id='word_1_9' title='bbox 940 278 1036 326; x_wconf 88' lang='lat' dir='ltr'>rati</span> <span class='ocrx_word' id='word_1_10' title='bbox 1089 275 1400 334; x_wconf 75' lang='lat' dir='ltr'><strong>Christianos</strong></span> <span class='ocrx_word' id='word_1_11' title='bbox 1437 279 1657 343; x_wconf 88' lang='lat' dir='ltr'>protinus</span> <span class='ocrx_word' id='word_1_12' title='bbox 1696 278 1746 326; x_wconf 91' lang='lat' dir='ltr'>in</span> <span class='ocrx_word' id='word_1_13' title='bbox 1785 282 1949 327; x_wconf 84' lang='lat' dir='ltr'>castra</span> 
     </span>
     <span class='ocr_line' id='line_1_3' title="bbox 471 358 1947 428; baseline 0.002 -21"><span class='ocrx_word' id='word_1_14' title='bbox 471 358 639 408; x_wconf 84' lang='lat' dir='ltr'>Sinani</span> <span class='ocrx_word' id='word_1_15' title='bbox 664 363 908 422; x_wconf 74' lang='lat' dir='ltr'>venturOS‚</span> <span class='ocrx_word' id='word_1_16' title='bbox 955 376 1056 410; x_wconf 85' lang='lat' dir='ltr'>rem</span> <span class='ocrx_word' id='word_1_17' title='bbox 1096 362 1153 422; x_wconf 84' lang='lat' dir='ltr'>ei,</span> <span class='ocrx_word' id='word_1_18' title='bbox 1192 367 1244 410; x_wconf 92' lang='lat' dir='ltr'>ut</span> <span class='ocrx_word' id='word_1_19' title='bbox 1281 368 1425 425; x_wconf 86' lang='lat' dir='ltr'>gesta</span> <span class='ocrx_word' id='word_1_20' title='bbox 1462 362 1563 424; x_wconf 81' lang='lat' dir='ltr'>fuit,</span> <span class='ocrx_word' id='word_1_21' title='bbox 1590 366 1850 428; x_wconf 74' lang='lat' dir='ltr'>exponunt,</span> <span class='ocrx_word' id='word_1_22' title='bbox 1874 375 1947 410; x_wconf 88' lang='lat' dir='ltr'>se-</span> 
     </span>
     <span class='ocr_line' id='line_1_4' title="bbox 469 444 1948 508; baseline 0.001 -16"><span class='ocrx_word' id='word_1_23' title='bbox 469 459 562 508; x_wconf 88' lang='lat' dir='ltr'>que</span> <span class='ocrx_word' id='word_1_24' title='bbox 600 444 734 494; x_wconf 90' lang='lat' dir='ltr'>solos</span> <span class='ocrx_word' id='word_1_25' title='bbox 768 460 828 505; x_wconf 84' lang='lat' dir='ltr'>ex</span> <span class='ocrx_word' id='word_1_26' title='bbox 867 446 996 494; x_wconf 89' lang='lat' dir='ltr'>omni</span> <span class='ocrx_word' id='word_1_27' title='bbox 1020 460 1218 494; x_wconf 88' lang='lat' dir='ltr'>numero</span> <span class='ocrx_word' id='word_1_28' title='bbox 1259 446 1425 496; x_wconf 88' lang='lat' dir='ltr'>saluos</span> <span class='ocrx_word' id='word_1_29' title='bbox 1458 447 1679 495; x_wconf 89' lang='lat' dir='ltr'>evasisse</span> <span class='ocrx_word' id='word_1_30' title='bbox 1704 444 1948 507; x_wconf 80' lang='lat' dir='ltr'>nunciant,</span> 
     </span>
     <span class='ocr_line' id='line_1_5' title="bbox 469 526 1949 590; baseline 0.001 -15"><span class='ocrx_word' id='word_1_31' title='bbox 469 533 516 576; x_wconf 89' lang='lat' dir='ltr'>et</span> <span class='ocrx_word' id='word_1_32' title='bbox 539 531 592 576; x_wconf 93' lang='lat' dir='ltr'>ut</span> <span class='ocrx_word' id='word_1_33' title='bbox 619 526 874 577; x_wconf 76' lang='lat' dir='ltr'>confestim</span> <span class='ocrx_word' id='word_1_34' title='bbox 901 528 1036 577; x_wconf 90' lang='lat' dir='ltr'>illinc</span> <span class='ocrx_word' id='word_1_35' title='bbox 1074 528 1307 589; x_wconf 86' lang='lat' dir='ltr'>discedat,</span> <span class='ocrx_word' id='word_1_36' title='bbox 1347 534 1558 578; x_wconf 90' lang='lat' dir='ltr'>monent.</span> <span class='ocrx_word' id='word_1_37' title='bbox 1616 529 1710 578; x_wconf 93' lang='lat' dir='ltr'>Ille</span> <span class='ocrx_word' id='word_1_38' title='bbox 1734 527 1949 590; x_wconf 84' lang='lat' dir='ltr'>territus,</span> 
     </span>
     <span class='ocr_line' id='line_1_6' title="bbox 467 612 1950 677; baseline 0.001 -17"><span class='ocrx_word' id='word_1_39' title='bbox 467 626 572 660; x_wconf 92' lang='lat' dir='ltr'>cum</span> <span class='ocrx_word' id='word_1_40' title='bbox 598 612 695 662; x_wconf 86' lang='lat' dir='ltr'>iam</span> <span class='ocrx_word' id='word_1_41' title='bbox 719 629 815 663; x_wconf 90' lang='lat' dir='ltr'>non</span> <span class='ocrx_word' id='word_1_42' title='bbox 841 614 1050 677; x_wconf 88' lang='lat' dir='ltr'>amplius</span> <span class='ocrx_word' id='word_1_43' title='bbox 1097 629 1239 677; x_wconf 90' lang='lat' dir='ltr'>quam</span> <span class='ocrx_word' id='word_1_44' title='bbox 1279 614 1502 675; x_wconf 80' lang='lat' dir='ltr'>triduum,</span> <span class='ocrx_word' id='word_1_45' title='bbox 1532 612 1596 674; x_wconf 85' lang='lat'>¹⁰)</span> <span class='ocrx_word' id='word_1_46' title='bbox 1623 613 1817 663; x_wconf 78' lang='lat' dir='ltr'>obsessi</span> <span class='ocrx_word' id='word_1_47' title='bbox 1851 613 1950 662; x_wconf 86' lang='lat' dir='ltr'>vim</span> 
     </span>
     <span class='ocr_line' id='line_1_7' title="bbox 466 688 1950 763; baseline 0.001 -18"><span class='ocrx_word' id='word_1_48' title='bbox 466 696 677 746; x_wconf 89' lang='lat' dir='ltr'>hostium</span> <span class='ocrx_word' id='word_1_49' title='bbox 703 698 849 747; x_wconf 87' lang='lat' dir='ltr'>laturi</span> <span class='ocrx_word' id='word_1_50' title='bbox 875 698 1168 753; x_wconf 83' lang='lat' dir='ltr'>viderentur,</span> <span class='ocrx_word' id='word_1_51' title='bbox 1210 699 1430 763; x_wconf 82' lang='lat' dir='ltr'>explosis</span> <span class='ocrx_word' id='word_1_52' title='bbox 1467 699 1517 747; x_wconf 91' lang='lat' dir='ltr'>in</span> <span class='ocrx_word' id='word_1_53' title='bbox 1556 713 1718 748; x_wconf 87' lang='lat' dir='ltr'>arcem</span> <span class='ocrx_word' id='word_1_54' title='bbox 1742 688 1950 747; x_wconf 59' lang='lat' dir='ltr'>tormenss</span> 
     </span>
     <span class='ocr_line' id='line_1_8' title="bbox 465 780 1949 846; baseline 0.001 -18"><span class='ocrx_word' id='word_1_55' title='bbox 465 780 529 828; x_wconf 90' lang='lat' dir='ltr'>tis</span> <span class='ocrx_word' id='word_1_56' title='bbox 556 781 794 840; x_wconf 74' lang='grc'><strong>011111111118,</strong></span> <span class='ocrx_word' id='word_1_57' title='bbox 846 782 1264 846; x_wconf 81' lang='lat' dir='ltr'>concrematisque</span> <span class='ocrx_word' id='word_1_58' title='bbox 1303 780 1368 842; x_wconf 82' lang='lat'>¹¹)</span> <span class='ocrx_word' id='word_1_59' title='bbox 1406 783 1542 831; x_wconf 87' lang='lat' dir='ltr'>vasis</span> <span class='ocrx_word' id='word_1_60' title='bbox 1581 782 1676 831; x_wconf 86' lang='lat' dir='ltr'>iter</span> <span class='ocrx_word' id='word_1_61' title='bbox 1711 782 1862 845; x_wconf 86' lang='lat' dir='ltr'>fugae</span> <span class='ocrx_word' id='word_1_62' title='bbox 1888 780 1949 837; x_wconf 89' lang='lat' dir='ltr'>si-</span> 
     </span>
     <span class='ocr_line' id='line_1_9' title="bbox 467 862 1951 930; baseline 0.001 -19"><span class='ocrx_word' id='word_1_63' title='bbox 467 864 580 913; x_wconf 88' lang='lat' dir='ltr'>mile</span> <span class='ocrx_word' id='word_1_64' title='bbox 607 866 812 929; x_wconf 85' lang='lat' dir='ltr'>arripuit</span> <span class='ocrx_word' id='word_1_65' title='bbox 853 862 925 929; x_wconf 83' lang='lat'><strong>¹²).</strong></span> <span class='ocrx_word' id='word_1_66' title='bbox 964 866 1022 915; x_wconf 93' lang='lat' dir='ltr'>Id</span> <span class='ocrx_word' id='word_1_67' title='bbox 1048 866 1128 914; x_wconf 91' lang='lat' dir='ltr'>ubi</span> <span class='ocrx_word' id='word_1_68' title='bbox 1158 866 1354 915; x_wconf 80' lang='lat' dir='ltr'>obsessi</span> <span class='ocrx_word' id='word_1_69' title='bbox 1399 866 1547 915; x_wconf 88' lang='lat' dir='ltr'>certis</span> <span class='ocrx_word' id='word_1_70' title='bbox 1576 865 1866 930; x_wconf 91' lang='lat' dir='ltr'>quibusdam</span> <span class='ocrx_word' id='word_1_71' title='bbox 1889 870 1951 913; x_wconf 85' lang='lat' dir='ltr'>cx</span> 
     </span>
     <span class='ocr_line' id='line_1_10' title="bbox 467 947 1952 1013; baseline -0.001 -16"><span class='ocrx_word' id='word_1_72' title='bbox 467 948 623 1012; x_wconf 86' lang='lat' dir='ltr'>signis</span> <span class='ocrx_word' id='word_1_73' title='bbox 657 950 1129 1010; x_wconf 83' lang='lat' dir='ltr'>animadvertissent,</span> <span class='ocrx_word' id='word_1_74' title='bbox 1180 950 1275 999; x_wconf 86' lang='lat' dir='ltr'>rati</span> <span class='ocrx_word' id='word_1_75' title='bbox 1314 950 1442 1013; x_wconf 88' lang='lat' dir='ltr'>quod</span> <span class='ocrx_word' id='word_1_76' title='bbox 1493 965 1574 998; x_wconf 86' lang='lat' dir='ltr'>res</span> <span class='ocrx_word' id='word_1_77' title='bbox 1612 954 1732 1010; x_wconf 82' lang='lat' dir='ltr'>erat,</span> <span class='ocrx_word' id='word_1_78' title='bbox 1781 947 1952 999; x_wconf 88' lang='lat' dir='ltr'>hostes</span> 
     </span>
     <span class='ocr_line' id='line_1_11' title="bbox 467 1032 1950 1097; baseline -0.001 -16"><span class='ocrx_word' id='word_1_79' title='bbox 467 1037 595 1081; x_wconf 92' lang='lat' dir='ltr'>metu</span> <span class='ocrx_word' id='word_1_80' title='bbox 621 1037 896 1081; x_wconf 85' lang='lat' dir='ltr'>nostrorum</span> <span class='ocrx_word' id='word_1_81' title='bbox 924 1033 1191 1093; x_wconf 80' lang='lat' dir='ltr'>discedere,</span> <span class='ocrx_word' id='word_1_82' title='bbox 1218 1033 1375 1097; x_wconf 85' lang='lat' dir='ltr'>portis</span> <span class='ocrx_word' id='word_1_83' title='bbox 1403 1048 1457 1081; x_wconf 94' lang='lat' dir='ltr'>se</span> <span class='ocrx_word' id='word_1_84' title='bbox 1496 1036 1765 1096; x_wconf 84' lang='lat' dir='ltr'>erumpunt,</span> <span class='ocrx_word' id='word_1_85' title='bbox 1801 1032 1950 1096; x_wconf 78' lang='lat' dir='ltr'>impe-</span> 
     </span>
     <span class='ocr_line' id='line_1_12' title="bbox 468 1113 1952 1181; baseline 0 -18"><span class='ocrx_word' id='word_1_86' title='bbox 468 1115 792 1179; x_wconf 90' lang='lat' dir='ltr'>dimentisque</span> <span class='ocrx_word' id='word_1_87' title='bbox 830 1117 993 1165; x_wconf 92' lang='lat' dir='ltr'>multis</span> <span class='ocrx_word' id='word_1_88' title='bbox 1032 1113 1091 1181; x_wconf 77' lang='lat'>¹⁵)</span> <span class='ocrx_word' id='word_1_89' title='bbox 1129 1117 1179 1164; x_wconf 90' lang='lat' dir='ltr'>in</span> <span class='ocrx_word' id='word_1_90' title='bbox 1217 1131 1382 1164; x_wconf 88' lang='lat' dir='ltr'>arcem</span> <span class='ocrx_word' id='word_1_91' title='bbox 1422 1115 1662 1177; x_wconf 87' lang='lat' dir='ltr'>deductis,</span> <span class='ocrx_word' id='word_1_92' title='bbox 1702 1115 1952 1164; x_wconf 84' lang='lat' dir='ltr'>Barbaros</span> 
     </span>
     <span class='ocr_line' id='line_1_13' title="bbox 466 1191 1950 1264; baseline 0 -17"><span class='ocrx_word' id='word_1_93' title='bbox 466 1200 796 1263; x_wconf 87' lang='lat' dir='ltr'>insequuntur.</span> <span class='ocrx_word' id='word_1_94' title='bbox 841 1200 960 1260; x_wconf 71' lang='lat' dir='ltr'>Qua</span> <span class='ocrx_word' id='word_1_95' title='bbox 997 1215 1051 1249; x_wconf 87' lang='lat' dir='ltr'>re</span> <span class='ocrx_word' id='word_1_96' title='bbox 1088 1200 1137 1248; x_wconf 91' lang='lat' dir='ltr'>in</span> <span class='ocrx_word' id='word_1_97' title='bbox 1175 1191 1577 1248; x_wconf 80' lang='lat' dir='ltr'>Christianorum</span> <span class='ocrx_word' id='word_1_98' title='bbox 1620 1198 1950 1264; x_wconf 23' lang='lat' dir='ltr'>castris&#39;nun·</span> 
     </span>
     <span class='ocr_line' id='line_1_14' title="bbox 466 1279 1953 1347; baseline -0.001 -16"><span class='ocrx_word' id='word_1_99' title='bbox 466 1283 596 1331; x_wconf 86' lang='lat' dir='ltr'>ciata</span> <span class='ocrx_word' id='word_1_100' title='bbox 634 1279 706 1347; x_wconf 72' lang='grc'><strong>11),</strong></span> <span class='ocrx_word' id='word_1_101' title='bbox 759 1284 980 1346; x_wconf 87' lang='lat' dir='ltr'>quamvis</span> <span class='ocrx_word' id='word_1_102' title='bbox 1031 1299 1089 1332; x_wconf 92' lang='lat' dir='ltr'>ea</span> <span class='ocrx_word' id='word_1_103' title='bbox 1141 1283 1336 1332; x_wconf 87' lang='lat' dir='ltr'>suorum</span> <span class='ocrx_word' id='word_1_104' title='bbox 1390 1282 1595 1331; x_wconf 85' lang='lat' dir='ltr'>victoria</span> <span class='ocrx_word' id='word_1_105' title='bbox 1647 1280 1711 1347; x_wconf 74' lang='lat'>¹⁵)</span> <span class='ocrx_word' id='word_1_106' title='bbox 1739 1280 1953 1332; x_wconf 83' lang='lat' dir='ltr'>contenti</span> 
     </span>
     <span class='ocr_line' id='line_1_15' title="bbox 467 1364 1953 1431; baseline -0.001 -16"><span class='ocrx_word' id='word_1_107' title='bbox 467 1365 718 1415; x_wconf 77' lang='lat' dir='ltr'>audaciam</span> <span class='ocrx_word' id='word_1_108' title='bbox 768 1367 818 1415; x_wconf 91' lang='lat' dir='ltr'>in</span> <span class='ocrx_word' id='word_1_109' title='bbox 869 1382 952 1416; x_wconf 93' lang='grc'>008</span> <span class='ocrx_word' id='word_1_110' title='bbox 1002 1367 1303 1431; x_wconf 85' lang='lat' dir='ltr'>irrumpendi</span> <span class='ocrx_word' id='word_1_111' title='bbox 1363 1381 1670 1430; x_wconf 84' lang='lat' dir='ltr'>nequaquam</span> <span class='ocrx_word' id='word_1_112' title='bbox 1718 1364 1953 1415; x_wconf 78' lang='lat' dir='ltr'>hoctenu&#39;s</span> 
     </span>
     <span class='ocr_line' id='line_1_16' title="bbox 466 1449 1950 1500; baseline -0.001 -3"><span class='ocrx_word' id='word_1_113' title='bbox 466 1449 780 1499; x_wconf 81' lang='lat' dir='ltr'>habuissent:</span> <span class='ocrx_word' id='word_1_114' title='bbox 807 1455 971 1500; x_wconf 89' lang='lat' dir='ltr'>tamen</span> <span class='ocrx_word' id='word_1_115' title='bbox 998 1467 1056 1500; x_wconf 92' lang='lat' dir='ltr'>ea</span> <span class='ocrx_word' id='word_1_116' title='bbox 1083 1451 1342 1500; x_wconf 79' lang='lat' dir='ltr'>occasione</span> <span class='ocrx_word' id='word_1_117' title='bbox 1371 1449 1604 1498; x_wconf 86' lang='lat' dir='ltr'>divinitus</span> <span class='ocrx_word' id='word_1_118' title='bbox 1630 1449 1797 1498; x_wconf 88' lang='lat' dir='ltr'>oblata</span> <span class='ocrx_word' id='word_1_119' title='bbox 1814 1453 1950 1499; x_wconf 87' lang='lat' dir='ltr'>uten-</span> 
     </span>
     <span class='ocr_line' id='line_1_17' title="bbox 467 1532 1952 1599; baseline -0.001 -17"><span class='ocrx_word' id='word_1_120' title='bbox 467 1533 576 1583; x_wconf 92' lang='lat' dir='ltr'>dum</span> <span class='ocrx_word' id='word_1_121' title='bbox 614 1535 722 1593; x_wconf 82' lang='lat' dir='ltr'>rati,</span> <span class='ocrx_word' id='word_1_122' title='bbox 774 1536 986 1599; x_wconf 88' lang='lat' dir='ltr'>totisque</span> <span class='ocrx_word' id='word_1_123' title='bbox 1015 1536 1203 1586; x_wconf 85' lang='lat' dir='ltr'>viribus</span> <span class='ocrx_word' id='word_1_124' title='bbox 1243 1535 1398 1595; x_wconf 81' lang='lat' dir='ltr'>effusi,</span> <span class='ocrx_word' id='word_1_125' title='bbox 1426 1534 1682 1583; x_wconf 87' lang='lat' dir='ltr'>Barbaros</span> <span class='ocrx_word' id='word_1_126' title='bbox 1705 1532 1952 1599; x_wconf 84' lang='lat' dir='ltr'>fugientes</span> 
     </span>
     <span class='ocr_line' id='line_1_18' title="bbox 467 1615 1951 1681; baseline -0.001 -14"><span class='ocrx_word' id='word_1_127' title='bbox 467 1619 799 1681; x_wconf 84' lang='lat' dir='ltr'>insequuntur,</span> <span class='ocrx_word' id='word_1_128' title='bbox 839 1625 1018 1668; x_wconf 87' lang='lat' dir='ltr'>etcum</span> <span class='ocrx_word' id='word_1_129' title='bbox 1053 1618 1549 1678; x_wconf 68' lang='lat' dir='ltr'>CoinaromiensibUS‚</span> <span class='ocrx_word' id='word_1_130' title='bbox 1586 1616 1683 1666; x_wconf 91' lang='lat' dir='ltr'>Dei</span> <span class='ocrx_word' id='word_1_131' title='bbox 1716 1615 1951 1666; x_wconf 87' lang='lat' dir='ltr'>beneficio</span> 
     </span>
     <span class='ocr_line' id='line_1_19' title="bbox 468 1700 1954 1766; baseline -0.001 -16"><span class='ocrx_word' id='word_1_132' title='bbox 468 1702 564 1751; x_wconf 90' lang='lat' dir='ltr'>iam</span> <span class='ocrx_word' id='word_1_133' title='bbox 603 1700 667 1761; x_wconf 70' lang='lat'>³⁶]</span> <span class='ocrx_word' id='word_1_134' title='bbox 695 1703 935 1764; x_wconf 78' lang='lat' dir='ltr'>liberatiS‚</span> <span class='ocrx_word' id='word_1_135' title='bbox 962 1704 1204 1753; x_wconf 89' lang='lat' dir='ltr'>coniuncti</span> <span class='ocrx_word' id='word_1_136' title='bbox 1230 1719 1326 1752; x_wconf 91' lang='lat' dir='ltr'>non</span> <span class='ocrx_word' id='word_1_137' title='bbox 1351 1703 1585 1766; x_wconf 79' lang='lat' dir='ltr'>exiguam</span> <span class='ocrx_word' id='word_1_138' title='bbox 1627 1715 1792 1751; x_wconf 86' lang='lat' dir='ltr'>eorum</span> <span class='ocrx_word' id='word_1_139' title='bbox 1829 1704 1954 1749; x_wconf 80' lang='lat' dir='ltr'>stra·</span> 
     </span>
     <span class='ocr_line' id='line_1_20' title="bbox 470 1777 1954 1851; baseline -0.001 -18"><span class='ocrx_word' id='word_1_140' title='bbox 470 1801 581 1849; x_wconf 86' lang='lat' dir='ltr'>gem</span> <span class='ocrx_word' id='word_1_141' title='bbox 607 1786 765 1836; x_wconf 89' lang='lat' dir='ltr'>edunt.</span> <span class='ocrx_word' id='word_1_142' title='bbox 794 1787 924 1847; x_wconf 82' lang='lat' dir='ltr'>Mox,</span> <span class='ocrx_word' id='word_1_143' title='bbox 954 1804 1058 1837; x_wconf 92' lang='lat' dir='ltr'>cum</span> <span class='ocrx_word' id='word_1_144' title='bbox 1085 1788 1182 1836; x_wconf 89' lang='lat' dir='ltr'>iam</span> <span class='ocrx_word' id='word_1_145' title='bbox 1207 1793 1397 1851; x_wconf 89' lang='lat' dir='ltr'>tempus</span> <span class='ocrx_word' id='word_1_146' title='bbox 1434 1786 1497 1834; x_wconf 92' lang='lat' dir='ltr'>ad</span> <span class='ocrx_word' id='word_1_147' title='bbox 1522 1800 1603 1834; x_wconf 88' lang='lat' dir='ltr'>res</span> <span class='ocrx_word' id='word_1_148' title='bbox 1629 1777 1873 1848; x_wconf 83' lang='lat' dir='ltr'>gerendas</span> <span class='ocrx_word' id='word_1_149' title='bbox 1884 1783 1954 1833; x_wconf 91' lang='lat' dir='ltr'>in-</span> 
     </span>
     <span class='ocr_line' id='line_1_21' title="bbox 469 1863 1951 1935; baseline -0.001 -17"><span class='ocrx_word' id='word_1_150' title='bbox 469 1871 767 1931; x_wconf 89' lang='lat' dir='ltr'>commodum</span> <span class='ocrx_word' id='word_1_151' title='bbox 793 1872 1058 1935; x_wconf 82' lang='lat' dir='ltr'>ingrueret,</span> <span class='ocrx_word' id='word_1_152' title='bbox 1099 1871 1313 1921; x_wconf 82' lang='lat' dir='ltr'>contenti</span> <span class='ocrx_word' id='word_1_153' title='bbox 1349 1870 1443 1919; x_wconf 91' lang='lat' dir='ltr'>hac</span> <span class='ocrx_word' id='word_1_154' title='bbox 1477 1869 1527 1917; x_wconf 90' lang='lat' dir='ltr'>in</span> <span class='ocrx_word' id='word_1_155' title='bbox 1570 1868 1850 1933; x_wconf 86' lang='lat' dir='ltr'>praesentia</span> <span class='ocrx_word' id='word_1_156' title='bbox 1893 1863 1951 1931; x_wconf 85' lang='lat'>¹⁷)</span> 
     </span>
     <span class='ocr_line' id='line_1_22' title="bbox 474 1953 1953 2020; baseline -0.001 -19"><span class='ocrx_word' id='word_1_157' title='bbox 474 1954 694 2016; x_wconf 84' lang='lat' dir='ltr'>victoria,</span> <span class='ocrx_word' id='word_1_158' title='bbox 745 1955 914 2004; x_wconf 83' lang='lat' dir='ltr'>tristes</span> <span class='ocrx_word' id='word_1_159' title='bbox 951 1956 1112 2020; x_wconf 86' lang='lat' dir='ltr'>magis</span> <span class='ocrx_word' id='word_1_160' title='bbox 1153 1957 1214 2004; x_wconf 94' lang='lat' dir='ltr'>ob</span> <span class='ocrx_word' id='word_1_161' title='bbox 1242 1955 1473 2004; x_wconf 86' lang='lat' dir='ltr'>amissum</span> <span class='ocrx_word' id='word_1_162' title='bbox 1514 1953 1771 2011; x_wconf 87' lang='lat' dir='ltr'>Iaurinum‚</span> <span class='ocrx_word' id='word_1_163' title='bbox 1809 1966 1953 2015; x_wconf 86' lang='lat' dir='ltr'>quam</span> 
     </span>
     <span class='ocr_line' id='line_1_23' title="bbox 473 2035 1951 2103; baseline -0.003 -16"><span class='ocrx_word' id='word_1_164' title='bbox 473 2039 592 2088; x_wconf 86' lang='lat' dir='ltr'>laeti</span> <span class='ocrx_word' id='word_1_165' title='bbox 618 2040 944 2088; x_wconf 85' lang='lat' dir='ltr'>observatum</span> <span class='ocrx_word' id='word_1_166' title='bbox 972 2039 1234 2089; x_wconf 81' lang='lat' dir='ltr'>Comarum</span> <span class='ocrx_word' id='word_1_167' title='bbox 1280 2035 1337 2103; x_wconf 71' lang='grc'>11)</span> <span class='ocrx_word' id='word_1_168' title='bbox 1376 2054 1434 2087; x_wconf 89' lang='lat' dir='ltr'>ac</span> <span class='ocrx_word' id='word_1_169' title='bbox 1458 2035 1756 2102; x_wconf 22' lang='lat' dir='ltr'>pulsos-inde</span> <span class='ocrx_word' id='word_1_170' title='bbox 1768 2035 1951 2095; x_wconf 84' lang='lat' dir='ltr'>hostes,</span> 
     </span>
     <span class='ocr_line' id='line_1_24' title="bbox 470 2122 1313 2187; baseline -0.001 -18"><span class='ocrx_word' id='word_1_171' title='bbox 470 2122 658 2171; x_wconf 89' lang='lat' dir='ltr'>domum</span> <span class='ocrx_word' id='word_1_172' title='bbox 686 2138 740 2171; x_wconf 90' lang='grc'>80</span> <span class='ocrx_word' id='word_1_173' title='bbox 768 2122 972 2186; x_wconf 89' lang='lat' dir='ltr'>quisque</span> <span class='ocrx_word' id='word_1_174' title='bbox 1010 2127 1313 2187; x_wconf 87' lang='lat' dir='ltr'>receperunt.</span> 
     </span>
    </p>
   </div>
   <div class='ocr_carea' id='block_1_3' title="bbox 477 2447 1953 3039">
    <p class='ocr_par' dir='ltr' id='par_1_3' title="bbox 613 2447 1952 2498">
     <span class='ocr_line' id='line_1_25' title="bbox 613 2447 1952 2498; baseline -0.004 -10"><span class='ocrx_word' id='word_1_175' title='bbox 613 2454 651 2498; x_wconf 77' lang='lat'>¹⁰)</span> <span class='ocrx_word' id='word_1_176' title='bbox 670 2453 726 2488; x_wconf 83' lang='lat' dir='ltr'>Az</span> <span class='ocrx_word' id='word_1_177' title='bbox 761 2466 828 2498; x_wconf 72' lang='lat' dir='ltr'>eqy.</span> <span class='ocrx_word' id='word_1_178' title='bbox 863 2455 932 2488; x_wconf 58' lang='lat' dir='ltr'>coil.</span> <span class='ocrx_word' id='word_1_179' title='bbox 969 2452 1151 2488; x_wconf 71' lang='lat' dir='ltr'>hibasan:</span> <span class='ocrx_word' id='word_1_180' title='bbox 1192 2463 1275 2487; x_wconf 87' lang='grc'><strong>011111</strong></span> <span class='ocrx_word' id='word_1_181' title='bbox 1318 2461 1393 2486; x_wconf 91' lang='lat' dir='ltr'>non</span> <span class='ocrx_word' id='word_1_182' title='bbox 1413 2450 1567 2494; x_wconf 73' lang='lat' dir='ltr'>diutine,</span> <span class='ocrx_word' id='word_1_183' title='bbox 1591 2447 1673 2484; x_wconf 88' lang='lat' dir='ltr'>fere</span> <span class='ocrx_word' id='word_1_184' title='bbox 1691 2449 1766 2484; x_wconf 88' lang='lat' dir='ltr'>iam</span> <span class='ocrx_word' id='word_1_185' title='bbox 1793 2447 1952 2485; x_wconf 80' lang='lat' dir='ltr'>obsessi.</span> 
     </span>
    </p>

    <p class='ocr_par' dir='ltr' id='par_1_4' title="bbox 616 2513 1136 2561">
     <span class='ocr_line' id='line_1_26' title="bbox 616 2513 1136 2561; baseline -0.002 -13"><span class='ocrx_word' id='word_1_186' title='bbox 616 2514 652 2556; x_wconf 86' lang='lat'>¹¹)</span> <span class='ocrx_word' id='word_1_187' title='bbox 672 2515 759 2549; x_wconf 83' lang='lat' dir='ltr'>Kov.</span> <span class='ocrx_word' id='word_1_188' title='bbox 780 2527 788 2548; x_wconf 74' lang='grc' dir='ltr'>ε</span> <span class='ocrx_word' id='word_1_189' title='bbox 810 2513 1136 2561; x_wconf 84' lang='lat' dir='ltr'>conclamatisquc</span> 
     </span>
    </p>

    <p class='ocr_par' dir='ltr' id='par_1_5' title="bbox 477 2567 1953 2681">
     <span class='ocr_line' id='line_1_27' title="bbox 616 2567 1953 2620; baseline -0.006 -10"><span class='ocrx_word' id='word_1_190' title='bbox 616 2572 657 2620; x_wconf 74' lang='lat'>¹²)</span> <span class='ocrx_word' id='word_1_191' title='bbox 680 2576 763 2609; x_wconf 86' lang='lat' dir='ltr'>Kov.</span> <span class='ocrx_word' id='word_1_192' title='bbox 780 2588 790 2607; x_wconf 92' lang='grc'>.·</span> <span class='ocrx_word' id='word_1_193' title='bbox 832 2574 936 2611; x_wconf 83' lang='lat' dir='ltr'>vasis</span> <span class='ocrx_word' id='word_1_194' title='bbox 980 2575 1020 2608; x_wconf 87' lang='lat' dir='ltr'>et</span> <span class='ocrx_word' id='word_1_195' title='bbox 1037 2572 1320 2618; x_wconf 83' lang='lat' dir='ltr'>impedimentis</span> <span class='ocrx_word' id='word_1_196' title='bbox 1351 2570 1430 2606; x_wconf 88' lang='lat' dir='ltr'>fere</span> <span class='ocrx_word' id='word_1_197' title='bbox 1464 2569 1639 2605; x_wconf 88' lang='lat' dir='ltr'>omnibus</span> <span class='ocrx_word' id='word_1_198' title='bbox 1672 2568 1766 2606; x_wconf 85' lang='lat' dir='ltr'>inibi</span> <span class='ocrx_word' id='word_1_199' title='bbox 1796 2567 1953 2610; x_wconf 84' lang='lat' dir='ltr'>relictis,</span> 
     </span>
     <span class='ocr_line' id='line_1_28' title="bbox 477 2631 1238 2681; baseline -0.005 -11"><span class='ocrx_word' id='word_1_200' title='bbox 477 2634 606 2680; x_wconf 77' lang='lat' dir='ltr'>fugam</span> <span class='ocrx_word' id='word_1_201' title='bbox 623 2635 795 2681; x_wconf 78' lang='lat' dir='ltr'>arripuit.</span> <span class='ocrx_word' id='word_1_202' title='bbox 816 2635 900 2680; x_wconf 68' lang='lat'>[⁴399.</span> <span class='ocrx_word' id='word_1_203' title='bbox 922 2636 993 2668; x_wconf 82' lang='lat' dir='ltr'>cod.</span> <span class='ocrx_word' id='word_1_204' title='bbox 1015 2644 1025 2663; x_wconf 79' lang='grc'>.-</span> <span class='ocrx_word' id='word_1_205' title='bbox 1050 2631 1238 2679; x_wconf 84' lang='lat' dir='ltr'>arripiunt</span> 
     </span>
    </p>

    <p class='ocr_par' dir='ltr' id='par_1_6' title="bbox 620 2692 1081 2729">
     <span class='ocr_line' id='line_1_29' title="bbox 620 2692 1081 2729; baseline 0.004 -3"><span class='ocrx_word' id='word_1_206' title='bbox 620 2694 660 2726; x_wconf 76' lang='lat'>¹³)</span> <span class='ocrx_word' id='word_1_207' title='bbox 681 2696 763 2729; x_wconf 87' lang='lat' dir='ltr'>Kov.</span> <span class='ocrx_word' id='word_1_208' title='bbox 783 2708 790 2728; x_wconf 89' lang='lat'><strong>:</strong></span> <span class='ocrx_word' id='word_1_209' title='bbox 809 2692 889 2729; x_wconf 86' lang='lat' dir='ltr'>fere</span> <span class='ocrx_word' id='word_1_210' title='bbox 908 2693 1081 2728; x_wconf 87' lang='lat' dir='ltr'>omnibus</span> 
     </span>
    </p>

    <p class='ocr_par' dir='ltr' id='par_1_7' title="bbox 618 2748 1045 2799">
     <span class='ocr_line' id='line_1_30' title="bbox 618 2748 1045 2799; baseline -0.002 -12"><span class='ocrx_word' id='word_1_211' title='bbox 618 2748 664 2799; x_wconf 69' lang='lat'>¹⁴)</span> <span class='ocrx_word' id='word_1_212' title='bbox 678 2755 763 2788; x_wconf 88' lang='lat' dir='ltr'>Kov.</span> <span class='ocrx_word' id='word_1_213' title='bbox 784 2764 794 2783; x_wconf 91' lang='grc'>-·</span> <span class='ocrx_word' id='word_1_214' title='bbox 820 2751 1045 2788; x_wconf 79' lang='lat' dir='ltr'>renunciata</span> 
     </span>
    </p>

    <p class='ocr_par' dir='ltr' id='par_1_8' title="bbox 620 2813 1043 2858">
     <span class='ocr_line' id='line_1_31' title="bbox 620 2813 1043 2858; baseline -0.002 -11"><span class='ocrx_word' id='word_1_215' title='bbox 620 2813 661 2858; x_wconf 84' lang='lat'>¹⁵)</span> <span class='ocrx_word' id='word_1_216' title='bbox 675 2815 761 2847; x_wconf 90' lang='lat' dir='ltr'>Kov.</span> <span class='ocrx_word' id='word_1_217' title='bbox 782 2827 792 2846; x_wconf 91' lang='lat'>.·</span> <span class='ocrx_word' id='word_1_218' title='bbox 818 2824 886 2849; x_wconf 78' lang='lat' dir='ltr'>sua</span> <span class='ocrx_word' id='word_1_219' title='bbox 916 2823 1043 2847; x_wconf 88' lang='lat' dir='ltr'>eorum</span> 
     </span>
    </p>

    <p class='ocr_par' dir='ltr' id='par_1_9' title="bbox 620 2870 1199 2916">
     <span class='ocr_line' id='line_1_32' title="bbox 620 2870 1199 2916; baseline -0.002 -9"><span class='ocrx_word' id='word_1_220' title='bbox 620 2874 657 2916; x_wconf 84' lang='lat'>¹⁶)</span> <span class='ocrx_word' id='word_1_221' title='bbox 678 2875 763 2908; x_wconf 82' lang='lat' dir='ltr'>Kov.</span> <span class='ocrx_word' id='word_1_222' title='bbox 780 2888 790 2907; x_wconf 91' lang='grc'>.·</span> <span class='ocrx_word' id='word_1_223' title='bbox 817 2874 889 2909; x_wconf 78' lang='lat' dir='ltr'>iam</span> <span class='ocrx_word' id='word_1_224' title='bbox 909 2873 981 2908; x_wconf 91' lang='lat' dir='ltr'>Dei</span> <span class='ocrx_word' id='word_1_225' title='bbox 1012 2870 1199 2908; x_wconf 82' lang='lat' dir='ltr'>beneficio</span> 
     </span>
    </p>

    <p class='ocr_par' dir='ltr' id='par_1_10' title="bbox 617 2932 1175 2980">
     <span class='ocr_line' id='line_1_33' title="bbox 617 2932 1175 2980; baseline 0 -13"><span class='ocrx_word' id='word_1_226' title='bbox 617 2933 660 2980; x_wconf 75' lang='lat'>¹⁷)</span> <span class='ocrx_word' id='word_1_227' title='bbox 679 2935 764 2968; x_wconf 89' lang='lat' dir='ltr'>Kov.</span> <span class='ocrx_word' id='word_1_228' title='bbox 782 2948 794 2968; x_wconf 85' lang='lat'>.·</span> <span class='ocrx_word' id='word_1_229' title='bbox 813 2935 857 2970; x_wconf 49' lang='lat' dir='ltr'>*in</span> <span class='ocrx_word' id='word_1_230' title='bbox 877 2932 1175 2979; x_wconf 81' lang='lat' dir='ltr'>praesentiarum</span> 
     </span>
    </p>

    <p class='ocr_par' dir='ltr' id='par_1_11' title="bbox 608 2994 1088 3039">
     <span class='ocr_line' id='line_1_34' title="bbox 608 2994 1088 3039; baseline 0.002 -11"><span class='ocrx_word' id='word_1_231' title='bbox 608 2994 649 3039; x_wconf 71' lang='grc'>11)</span> <span class='ocrx_word' id='word_1_232' title='bbox 668 2996 755 3032; x_wconf 82' lang='grc' dir='ltr'><strong>Κου.</strong></span> <span class='ocrx_word' id='word_1_233' title='bbox 776 3007 781 3028; x_wconf 94' lang='lat'>:</span> <span class='ocrx_word' id='word_1_234' title='bbox 803 2994 1088 3039; x_wconf 78' lang='lat' dir='ltr'>Comammium,</span> 
     </span>
    </p>
   </div>
  </div>
 </body>
</html>
