2112 3288
809 198 859 239 123s
881 197 1072 240 MUNKAI.
1501 199 1507 202 “
1673 203 1727 243 LI

220 338 339 373 sane
381 319 471 371 hoc
507 320 778 370 mirabilius
825 319 972 369 debet
1011 319 1181 379 videri,
1222 319 1353 383 quod
1392 321 1576 370 nullum
1616 322 1720 371 fere

222 406 436 457 studium
461 410 545 455 aut
570 405 755 453 maiore
781 403 830 451 in
847 419 1016 453 omues
1043 404 1175 453 vitae
1201 410 1372 468 partes
1396 420 1455 453 ac
1480 405 1725 454 homiuum

221 491 416 541 ordines
441 488 668 553 utilitate,
696 493 780 538 aut
799 488 982 538 maiore
1009 488 1353 549 delectatione,
1383 493 1467 537 aut
1493 503 1582 553 spe
1611 491 1731 539 ube-

220 575 375 636 riore,
423 578 506 624 aut
553 573 788 638 praemiis
840 573 903 622 ad
954 573 1333 638 perdiscendum
1384 573 1729 636 amplioribus,

221 659 521 726 exemplisve
548 658 844 708 clarioribus
873 672 959 708 eos
987 674 1299 708 commovere
1326 663 1539 723 poterat.

359 745 487 795 Nam
518 749 570 793 ut
607 743 814 809 primum
855 743 914 792 de
950 743 1159 793 scientia
1196 742 1316 792 iuris
1356 742 1518 792 civilis
1566 759 1729 807 agam,

218 830 336 882 cedo
364 828 494 888 mihi,
535 834 745 892 excepta
784 827 1045 888 Medicina,
1074 827 1365 877 facultatem
1390 828 1556 888 ullam,
1591 828 1728 878 cuius

217 915 471 981 professor
509 913 553 962 si
593 928 689 962 non
731 917 934 974 exacta,
987 917 1038 961 at
1093 912 1269 962 saltem
1320 911 1555 962 mediocri
1601 912 1724 962 iuris

217 998 497 1063 cognitione
522 1013 618 1047 non
644 996 889 1062 indigeat.

359 1082 692 1134 Sacrosancta
720 1082 1004 1145 Theologia
1032 1081 1258 1146 quamvis
1286 1082 1349 1131 sit
1376 1081 1556 1141 divina,
1584 1085 1632 1131 et
1661 1081 1726 1130 ad

214 1168 564 1236 perfectionem
591 1166 667 1216 sui
694 1166 900 1216 alterius
927 1166 1060 1216 haud
1086 1166 1280 1228 indiga:
1311 1166 1406 1215 dici
1432 1174 1596 1215 tamen
1622 1180 1719 1215 non

215 1258 394 1318 potest,
446 1256 750 1316 quantopere
777 1266 837 1300 ea
863 1251 983 1299 iuris
1011 1250 1172 1299 studio
1222 1250 1510 1300 illustretur.
1569 1249 1719 1300 Iuris-

218 1335 481 1401 prudentia
518 1334 645 1384 enim
684 1333 816 1382 ducit
854 1333 1095 1396 originem
1147 1334 1358 1384 omnium
1397 1335 1607 1385 maxime
1659 1351 1722 1384 ex

215 1419 432 1470 fontibus
458 1419 588 1483 legis
614 1417 871 1477 naturalis,
927 1433 1053 1482 quae
1092 1434 1187 1467 nou
1226 1418 1474 1468 hominum
1508 1419 1726 1482 ingeniis

216 1503 891 1569 excogitata‚seduobiscum
906 1508 1024 1551 nata
1050 1508 1141 1563 est,
1169 1519 1313 1567 quam
1328 1519 1425 1553 11011
1451 1503 1724 1563 didicimus,

215 1590 302 1639 sed
341 1605 403 1638 ex
441 1593 646 1637 naturae
692 1586 950 1652 principiis
994 1586 1270 1645 hausimus,
1322 1587 1386 1636 ad
1426 1604 1571 1652 quam
1620 1604 1719 1637 non

214 1672 345 1723 docti
370 1671 460 1721 sed
485 1671 618 1733 facti,
659 1686 753 1719 non
780 1670 995 1720 instituti
1021 1671 1111 1719 sed
1148 1671 1320 1720 imbuti
1347 1686 1528 1732 sumuS,
1574 1688 1720 1736 quae-

213 1773 306 1822 que
333 1773 429 1807 non
455 1756 598 1806 modo
638 1756 805 1806 senior
844 1762 934 1817 est,
974 1771 1120 1820 quam
1159 1762 1301 1806 aetas
1335 1757 1632 1821 populorum
1659 1774 1719 1807 ac

211 1841 463 1892 civitatum
489 1841 713 1901 omnium,
754 1840 843 1889 sed
869 1855 1125 1905 aequaeva
1158 1840 1292 1889 illius
1319 1842 1509 1890 coelum
1536 1857 1595 1890 ac
1620 1847 1718 1892 101·-

211 1942 295 1976 138
321 1926 502 1977 tuentis
530 1931 579 1975 et
603 1926 827 1990 regentis
855 1925 966 1987 Dei,
994 1942 1024 1974 a
1052 1940 1146 1990 quo
1187 1925 1431 1975 mentibus
1469 1925 1717 1977 hominum

210 2011 375 2061 infusa
401 2027 461 2060 ac
480 2009 728 2075 insculpta
767 2016 858 2059 est.
887 2010 1030 2059 Haec
1055 2009 1180 2075 nihil
1207 2010 1341 2059 aliud
1367 2015 1444 2060 est
1465 2027 1610 2075 quam
1637 2013 1719 2062 lex

211 2095 413 2146 moralis
441 2111 529 2145 seu
554 2095 680 2145 ratio
707 2095 951 2145 naturalis
990 2095 1236 2144 hominum
1263 2096 1476 2159 ingeniis
1513 2097 1563 2145 in
1591 2097 1720 2147 hunc

209 2183 352 2232 finem
391 2181 543 2231 insita
595 2181 855 2241 divinituS‚
907 2186 959 2230 ut
999 2180 1262 2230 discrimen
1302 2182 1624 2232 honestorum
1660 2200 1719 2233 30

213 2266 426 2331 turpium
476 2265 540 2316 ad
578 2266 826 2330 regendos
865 2265 1108 2315 hominum
1161 2282 1322 2315 mores
1361 2274 1409 2316 et
1446 2267 1510 2316 ad
1559 2268 1719 2333 ipsum

210 2352 382 2404 Deum.
434 2350 483 2399 in
529 2365 673 2414 quem
725 2350 885 2399 omnia
938 2349 1198 2415 dirigenda
1250 2356 1376 2412 suut,
1429 2351 1716 2400 referendos

214 2434 459 2485 ostendat.
502 2434 608 2484 lam
636 2451 752 2484 vero
793 2435 909 2499 quid
937 2436 1071 2485 aliud
1097 2441 1174 2486 est
1200 2441 1301 2485 tota
1328 2452 1583 2486 sacrarum
1611 2437 1718 2486 lite-

213 2534 375 2568 rarum
413 2535 696 2585 compageS,
749 2535 895 2584 quam
938 2521 1205 2586 explicatio
1251 2521 1408 2586 ipsius
1461 2523 1716 2585 Decalogi,

214 2610 420 2669 excepto
443 2610 607 2654 tamen
634 2605 929 2669 Evangelio,
970 2606 1100 2670 quod
1135 2606 1296 2656 Filius
1322 2607 1420 2656 Dei
1446 2624 1507 2656 ex
1535 2622 1716 2656 arcano

214 2688 444 2738 coelestis
469 2688 636 2739 Patris
676 2690 786 2739 sinu
826 2690 1041 2740 delatum
1078 2691 1356 2742 hominibus
1397 2692 1716 2740 communica-

214 2775 300 2822 vit.
329 2773 436 2823 Nec
472 2777 648 2834 tamen,
687 2775 798 2825 dum
838 2776 963 2826 haec
990 2776 1115 2837 dico,
1156 2776 1279 2825 duas
1306 2776 1535 2824 diversas
1562 2776 1715 2824 facul-

212 2863 359 2917 tates,
399 2858 612 2908 sublatis
653 2875 819 2910 earum
872 2861 1250 2922 discriminibus,‚
1298 2860 1527 2910 confundi
1554 2860 1713 2908 velim.

212 2943 427 2993 Divinae
453 2943 580 2992 enim
594 2942 735 3007 leges
748 2946 1003 3009 requirunt
1036 2946 1277 2995 internam
1306 2946 1444 2995 iuxta
1471 2960 1530 2994 ac
1555 2950 1714 2994 exter-

211 3044 323 3077 nam
350 3028 711 3078 obedientiam:
743 3029 967 3092 politicos
1007 3035 1261 3079 externam
1301 3030 1537 3079 duntaxat
1565 3029 1714 3078 actio-

1459 3113 1512 3152 dvr-
