2112 3288
457 143 560 195 280
988 159 1051 191 10.
1079 158 1210 190 Dncn
1235 157 1431 190 BARovn

457 278 506 326 in
532 275 638 324 loco
665 275 773 324 sisti
798 275 945 324 iubet.
989 273 1087 323 Sed
1113 290 1221 323 cum
1246 274 1449 338 panicus
1489 289 1654 324 omnes
1684 280 1841 324 terror
1866 275 1934 324 in-

461 360 709 420 cessisset,
735 359 1074 422 ingruentibus
1101 358 1296 407 iamiam
1322 358 1577 418 Barbaris,
1603 364 1655 407 ut
1678 359 1727 408 in
1741 358 1944 408 meliora

461 462 515 495 se
540 449 822 494 reservaret
846 449 1082 508 tempora,
1110 459 1171 492 ex
1199 443 1375 492 castris
1400 443 1508 507 ipse
1534 458 1724 507 quoque
1739 443 1944 504 excedit,

462 535 511 579 et
535 527 876 578 comitantibus
914 542 1022 575 eum
1060 526 1209 576 Petro
1248 526 1460 586 Huszar,
1501 524 1722 590 Casparo
1755 527 1946 577 Kornis

463 621 512 662 et
536 612 707 677 paucis
733 611 845 660 aliis
873 611 1055 660 sensim
1082 627 1137 659 se
1163 611 1226 660 ad
1253 625 1368 659 suos
1393 611 1591 675 recepit.
1621 610 1784 661 Fusos
1809 611 1945 673 fuga-

462 703 636 761 tosque
674 695 985 745 Christianos
1025 695 1088 744 ad
1131 710 1390 760 vesperam
1427 710 1581 758 usque
1618 688 1791 744 hostes
1822 695 1947 744 inse-

459 786 668 846 quuntur
709 796 768 829 ac
808 780 1028 839 caedunt,
1068 795 1178 828 mox
1216 780 1433 829 tenebris
1468 780 1687 844 impediti
1711 779 1762 828 in
1788 783 1951 830 eastra

459 881 548 931 per
574 870 763 915 noctem
790 864 998 913 rediere.
1050 862 1238 923 Quodsi
1269 878 1366 911 nox
1397 864 1644 926 fugientes
1670 878 1769 911 non
1791 867 1951 927 prote-

459 950 626 1008 xisset,
654 964 748 996 nae
784 947 870 996 illo
911 947 988 995 die
1002 947 1215 995 maxima
1251 952 1366 1008 post
1404 947 1648 996 hominum
1672 947 1951 997 memoriam

461 1039 629 1095 strage
657 1030 928 1080 Christiani
957 1030 1119 1078 affecti
1144 1030 1364 1078 fuissent.
1395 1029 1496 1079 Sed
1520 1030 1736 1080 tenebris
1761 1031 1880 1080 teeti
1903 1031 1953 1080 in

463 1122 630 1165 castra
655 1130 710 1163 se
736 1119 1043 1178 receperunt,
1070 1128 1128 1162 ac
1153 1113 1352 1162 incenso
1367 1111 1612 1177 Principis
1638 1115 1953 1166 tabernaoulo

464 1199 740 1262 ablatisque
765 1198 914 1246 rebus
940 1196 1328 1260 pretiosioribUS‚
1369 1213 1465 1261 qua
1489 1197 1660 1260 cuique
1685 1198 1954 1261 proximum

466 1289 515 1333 et
541 1281 983 1332 commodissimum
1009 1281 1114 1341 fuit,
1141 1282 1275 1330 nullo
1302 1281 1398 1330 iam
1425 1286 1540 1330 tunc
1564 1281 1770 1330 ulterius
1790 1296 1955 1346 perse-

468 1372 657 1432 quente,
686 1366 995 1430 diffugerunt.
1050 1365 1239 1425 Quodsi
1275 1366 1537 1430 resumptis
1577 1366 1753 1415 animis
1792 1371 1958 1416 eastra

470 1468 566 1500 non
593 1451 954 1500 deseruissent:
981 1465 1077 1498 non
1105 1455 1182 1499 est
1207 1450 1417 1504 dubium,
1447 1450 1559 1514 quin
1579 1450 1834 1500 victoriam
1847 1467 1958 1515 pos-

472 1543 576 1586 tero
606 1537 684 1586 die
711 1535 1094 1598 redintegraturi
1118 1535 1310 1584 fuerint.
1340 1533 1439 1583 Sed
1452 1534 1560 1584 Deo
1590 1536 1652 1584 ob
1667 1535 1959 1599 superbiam,

475 1621 735 1669 avaritiam
762 1626 810 1669 et
838 1625 1002 1669 cetera
1027 1617 1241 1667 nefanda
1267 1616 1657 1668 Christianorum
1683 1618 1886 1680 flagitia,
1911 1618 1961 1666 in

470 1706 648 1754 iustam
673 1705 795 1752 iram
824 1718 1073 1760 succenso,
1100 1707 1266 1751 tantus
1294 1717 1461 1751 omnes
1499 1717 1655 1766 pavor
1696 1717 1961 1767 occupave-

472 1794 564 1850 rat,
590 1794 644 1837 ut
668 1788 889 1851 quamvis
918 1801 1086 1835 omnes
1112 1786 1438 1834 resistendum
1473 1791 1521 1834 et
1547 1785 1742 1834 obviam
1768 1786 1956 1835 Barba-

474 1872 543 1921 ris
594 1871 939 1921 recurrendum
992 1870 1320 1918 clamitarent:
1371 1886 1512 1919 nemo
1562 1874 1724 1918 tamen
1773 1869 1823 1917 id
1872 1883 1960 1918 suo

475 1955 698 2018 exemplo
748 1953 1056 2012 confirmarit,
1087 1953 1176 2002 sed
1203 1969 1371 2001 omnes
1399 1953 1462 2001 ad
1487 1968 1633 2002 unum
1661 1953 1816 2002 effusa
1839 1953 1961 2015 fuga

477 2038 572 2088 sibi
611 2038 941 2087 consulebant.
970 2036 1077 2097 Quo
1114 2037 1294 2085 factum
1333 2042 1423 2097 est,
1463 2041 1516 2086 ut
1542 2052 1722 2100 magna
1753 2036 1965 2100 equitum

480 2128 620 2188 parte
658 2120 880 2185 dilapsaq
921 2121 1144 2185 plerique
1182 2121 1372 2185 pedites
1409 2126 1508 2170 tam
1535 2119 1784 2181 Germani,
1823 2135 1967 2184 quam

479 2206 669 2269 Vngari
693 2206 743 2253 in
767 2205 887 2267 fuga
911 2205 1158 2269 perierint,
1188 2210 1236 2258 et
1262 2204 1372 2253 dum
1407 2204 1491 2252 alii
1518 2204 1642 2252 alios
1655 2209 1966 2266 praevertere

481 2294 727 2348 conantur,
765 2304 993 2351 magnam
1031 2288 1159 2336 ultro
1200 2288 1295 2337 sibi
1336 2293 1553 2350 stragem
1600 2287 1962 2344 accersiverint.

482 2372 717 2433 Quamvis
744 2376 903 2419 autem
938 2371 1277 2419 cruentissima
1301 2370 1506 2419 victoria
1533 2370 1710 2419 Turcis
1748 2372 1966 2431 cesserit,

483 2456 666 2519 fugatis
692 2454 889 2513 nostriS‚
919 2459 967 2502 et
992 2454 1169 2502 eastris
1186 2454 1407 2517 direptiS,
1436 2470 1599 2518 eorum
1615 2460 1778 2504 tamen
1792 2455 1969 2504 caedes

484 2542 589 2590 fere
613 2539 768 2588 maior
793 2538 898 2598 fuit,
939 2553 1083 2601 quam
1110 2536 1512 2587 Christianorum.
1566 2538 1759 2603 Quippe
1785 2538 1970 2588 Turca-

486 2640 591 2673 rum
617 2623 680 2672 ad
694 2622 861 2681 XXX,
877 2621 961 2670 alii
978 2621 1196 2670 scribunt
1213 2622 1275 2670 ad
1290 2622 1397 2679 LX,
1415 2621 1804 2672 Christianorum
1818 2622 1971 2672 XXV

489 2708 681 2758 circiter
718 2706 871 2755 millia
909 2721 1055 2755 caesa
1100 2706 1388 2755 referuntur.
1428 2705 1692 2756 Caesarem
1728 2707 1798 2756 ibi
1833 2722 1972 2758 occu-

489 2791 657 2841 buisse
683 2806 845 2840 rumor
869 2790 974 2851 fuit,
1001 2790 1101 2851 sed,
1140 2789 1209 2839 uti
1233 2796 1407 2855 postea
1443 2795 1739 2856 compertum
1764 2795 1854 2854 est,
1892 2806 1972 2839 va-

491 2891 595 2925 nus.
623 2874 824 2924 Periere
849 2879 1012 2923 tamen
1038 2889 1065 2922 e
1090 2875 1370 2938 purpuratis
1396 2876 1572 2924 Bassis
1597 2880 1647 2924 et
1671 2875 1822 2938 Begis
1847 2879 1972 2924 eete-

494 2960 661 3026 risque
685 2958 980 3024 primoribus
1006 2958 1277 3008 Turcarum
1304 2959 1589 3024 complures.
1637 2959 1680 3008 E
1708 2957 1970 3008 Germanis

2080 247 2093 278 3*-

2083 279 2094 306 ἒ

2087 305 2095 322 ς
