2112 3288
491 191 592 244 190
788 254 803 266 Ι
1017 207 1081 245 10.
1109 211 1242 246 Ducn
1266 212 1463 246 BARovn

476 330 641 389 potest
666 326 820 389 copiis
848 326 1059 375 obsidet.
1112 327 1204 376 Est
1242 328 1416 391 Lippa,
1466 323 1544 376 uti
1577 332 1728 392 supra
1777 332 1971 392 quoque7

480 408 975 470 commemoravimus,
1013 409 1075 457 ad
1113 409 1384 459 Marusium
1423 410 1621 459 fluvium
1686 411 1783 459 sita
1832 412 1966 471 urbs,

477 495 547 538 et.
576 506 689 539 arce
739 495 788 540 et
835 491 986 540 muris
1036 507 1134 540 non
1182 492 1454 556 vulgariter
1507 494 1703 543 munita.
1742 494 1817 542 Eo
1854 509 1967 543 nos-

480 573 544 620 tri
582 588 688 622 cum
725 573 989 635 venissent,
1015 574 1180 622 missis
1206 576 1414 639 primum
1439 576 1628 625 nunciis
1661 577 1831 626 urbem
1871 576 1968 625 sibi

477 670 583 703 cum
597 670 710 704 arce
725 655 837 704 dedi
849 657 1173 720 postulavere.
1190 657 1570 721 Responderunt
1583 659 1795 708 Barbari
1811 658 1967 721 indig-

480 754 591 788 num
620 753 731 787 esse
758 753 924 788 eorum
962 740 1270 803 postulatum,
1312 741 1394 805 qui
1419 742 1546 790 bene
1586 741 1768 790 scirent
1798 741 1966 790 urbem

476 820 611 870 illam
650 826 762 870 ante
799 821 972 870 XLIV
1012 837 1166 871 annos
1203 823 1286 871 vix
1321 839 1352 871 a
1379 823 1581 883 duorum
1606 823 1967 888 potentissimo-

479 919 585 952 rum
610 903 890 966 Regnorum
915 903 1111 968 populis
1139 905 1249 968 capi
1274 906 1509 969 potuisse.
1539 906 1713 956 Nostri
1737 921 1834 955 non
1858 921 1966 955 ver-

475 988 567 1048 bis,
595 986 684 1035 sed
709 987 857 1035 armis
891 1002 1013 1050 opus
1052 987 1149 1035 sibi
1186 1002 1298 1036 esse
1325 988 1434 1049 rati,
1461 989 1742 1038 arctissima
1780 989 1966 1038 confes-

478 1072 565 1120 tim
615 1071 868 1119 obsidione
919 1071 1090 1119 urbem
1140 1071 1532 1133 circumveniunt,
1570 1078 1619 1122 et
1654 1072 1835 1137 partim
1868 1077 1967 1121 tor-

479 1154 652 1202 mentis
678 1153 870 1201 bellicis
897 1168 958 1200 ex
983 1157 1159 1214 monte,
1186 1154 1267 1216 qui
1306 1169 1484 1217 magno
1524 1154 1628 1203 eius
1664 1153 1966 1204 incommodo

477 1252 574 1285 una
598 1251 659 1284 ex
685 1240 824 1299 parte
850 1235 953 1283 arci
978 1235 1207 1296 imminet,
1232 1236 1284 1284 in
1310 1252 1474 1286 muros
1499 1237 1746 1300 intonant,
1789 1237 1967 1302 partim
1988 1297 1992 1300 γ

480 1319 545 1366 ad
580 1318 854 1367 incendium
891 1333 1004 1368 sese
1041 1324 1230 1383 parant.
1274 1318 1555 1384 Coegerant
1585 1321 1798 1371 Barbari
1836 1318 1967 1370 CCC

479 1402 584 1450 fere
611 1407 839 1463 agrestes
864 1401 914 1449 in
939 1416 1117 1462 arcem,
1147 1416 1410 1466 eorumque
1436 1395 1588 1467 opera
1618 1404 1669 1452 in
1708 1403 1968 1452 defenden-

480 1484 544 1532 da
570 1498 682 1532 arce
708 1499 768 1532 ac
779 1483 1095 1532 validissimis
1123 1484 1398 1548 quibusque
1412 1485 1695 1535 ministeriis
1717 1484 1967 1544 obeundis,

477 1566 549 1615 uti
586 1566 952 1615 constituerant.
986 1567 1064 1614 -Id
1101 1582 1195 1630 quo
1235 1567 1309 1615 illi
1356 1568 1549 1617 fidelius
1600 1572 1968 1631 exequerentur,

483 1649 687 1712 primum
725 1649 796 1697 eis
833 1654 1121 1714 perpetuam
1148 1666 1178 1698 a
1203 1650 1401 1700 tributis
1441 1651 1816 1712 immunitatem,
1857 1665 1968 1699 mox

481 1732 702 1795 singulos
740 1733 946 1781 binosve
983 1734 1222 1782 menstrui
1261 1734 1491 1802 stipendii
1538 1734 1731 1783 nomine
1781 1721 1970 1782 taleros

482 1817 793 1881 promittere,
843 1816 1034 1865 interim
1072 1818 1136 1865 ad
1174 1817 1435 1866 durissima
1486 1833 1707 1882 quaeque
1743 1818 1968 1866 laborum

480 1899 700 1963 pericula
726 1899 943 1962 adigere,
973 1904 1022 1948 et
1046 1899 1220 1963 primis
1247 1915 1308 1949 ex
1334 1900 1546 1950 hostium
1573 1901 1751 1949 ictibus
1791 1899 1968 1949 obiice-

481 1999 548 2032 re.
576 1985 776 2032 Illorum
801 1983 953 2047 aliqui
979 1983 1094 2032 data
1119 1989 1266 2033 noctu
1291 1984 1550 2034 occasione
1576 1984 1695 2046 fuga
1727 1983 1897 2047 elapsi,
1907 1982 1969 2031 ad

480 2072 677 2115 nostros
703 2081 758 2115 se
782 2071 1086 2130 receperunt,
1103 2072 1152 2115 et
1176 2068 1260 2116 ubi
1286 2071 1451 2117 essent
1476 2067 1667 2116 moenia
1693 2065 1968 2129 quatienda,

485 2149 905 2211 significaverunt,
942 2149 1344 2214 formidinemque
1383 2149 1654 2198 Turcarum
1689 2149 1970 2198 retulerunt.

485 2232 672 2280 Hostes
700 2232 827 2280 enim
851 2233 961 2281 visa
986 2238 1262 2282 nostrorum
1301 2232 1572 2293 alacritate,
1606 2232 1656 2280 in
1680 2231 1835 2295 primo
1875 2235 1969 2279 sta-

479 2314 566 2362 tim
616 2329 900 2377 congressU‚
952 2315 1141 2364 animos
1181 2316 1554 2379 desponderant.
1607 2314 1706 2363 Sed
1742 2329 1804 2362 ne
1842 2313 1970 2362 dedi-

481 2395 661 2444 tionem
709 2396 942 2457 facerent,
992 2398 1101 2445 sola
1126 2397 1328 2445 relictae
1367 2394 1511 2445 Pauli
1570 2395 1847 2456 Markhazi,
1911 2395 1971 2444 de

485 2493 579 2541 quo
618 2492 768 2542 supra
806 2478 1042 2539 diximuS,
1094 2479 1438 2534 cohortatione⁴
1482 2478 1702 2542 impediti
1762 2478 1969 2543 fuerant.

485 2561 656 2610 Nostri
679 2558 830 2622 igitur
854 2561 1168 2625 praeparatis
1208 2562 1271 2610 ad
1308 2561 1660 2610 incendendam
1690 2561 1860 2610 urbem
1895 2574 1970 2608 re-

482 2643 575 2691 bus
612 2642 934 2704 necessariiS,
972 2643 1128 2707 primo
1169 2643 1380 2692 diluculo
1418 2658 1596 2706 magno
1634 2657 1741 2692 cum
1788 2642 1971 2706 impetu

484 2726 548 2773 ad
595 2725 789 2774 moenia
837 2731 1102 2789 coeperunt
1151 2741 1306 2775 ruere.
1360 2725 1470 2786 Qua
1507 2741 1561 2774 re
1597 2725 1721 2788 visa,
1759 2723 1973 2774 Barbari

484 2823 634 2872 supra
682 2807 874 2856 modum
935 2808 1226 2872 exanimati,
1286 2809 1518 2873 proiectis
1580 2812 1722 2856 extra
1780 2820 1972 2871 pomoe-

484 2889 558 2936 ria
583 2888 743 2952 pileis,
770 2889 1047 2952 significant
1071 2904 1140 2951 se,
1170 2890 1213 2938 si
1238 2890 1455 2939 facultas
1481 2889 1711 2952 colloquii
1735 2888 1886 2947 detur,
1912 2889 1971 2937 de

487 2970 730 3020 deditione
766 2971 902 3020 urbis
942 2975 1152 3034 acturos,
1192 2988 1397 3036 eamque
1435 2973 1578 3021 bonis
1615 2971 1971 3020 conditionibus
