2112 3288
452 160 521 209 46
557 225 562 229 ἡ
976 178 1038 211 10.
1067 179 1199 211 1111011
1225 178 1421 213 BARovn

452 300 700 359 posterum
727 299 980 358 gesturuS,
1014 294 1122 358 ipse
1148 295 1388 359 tantisper
1414 293 1651 358 Belgradi
1676 310 1940 347 commora-

451 382 555 438 tus,
594 377 703 427 dum
730 377 945 426 Ianizari
971 377 1069 427 alio
1095 377 1295 437 itinere,
1329 393 1436 426 cum
1462 377 1650 429 tardius
1692 378 1788 427 iter
1811 378 1941 428 face-

452 465 587 522 rent,
619 461 960 525 pervenirent;
999 460 1204 525 proinde
1238 475 1344 509 cum
1370 461 1627 525 pedestres
1655 461 1804 510 etiam
1826 461 1940 513 illas
1986 507 1990 511 .

454 544 624 608 copias
649 544 699 592 in
734 549 898 592 castra
933 543 1228 608 recepisset,
1267 558 1530 607 omnesque
1569 559 1675 593 cum
1714 543 1941 607 equitum,

453 632 551 676 tum
566 626 782 691 peditum
802 626 971 690 copias
984 625 1329 684 recensuisset,
1357 641 1482 688 quae
1508 626 1717 675 nondum
1743 624 1811 675 30
1834 626 1945 693 mil--

454 709 572 758 lium
599 714 894 758 armatorum
920 724 1169 758 numerum
1186 709 1503 771 excedebant,
1524 709 1750 760 adductis
1777 723 1940 759 secum

454 808 516 841 ex
541 807 655 840 arce
692 790 1049 854 Belegradensi
1087 796 1276 840 centum
1315 796 1364 840 et
1397 792 1680 855 octuaginta
1719 807 1938 856 campes-

452 876 611 925 tribus
637 875 906 936 tormentis,
932 874 1198 933 undecimO,
1230 879 1491 945 postquam
1517 891 1576 924 eo
1603 880 1820 936 venerat,
1847 874 1940 936 die,

454 958 746 1008 transmisso
785 963 933 1022 ponte
960 951 1114 1017 Sav0,
1156 957 1205 1004 in
1231 957 1410 1006 finibus
1436 958 1691 1021 Vngariae
1717 958 1780 1007 ad
1804 959 1942 1007 Zem-

454 1041 602 1089 linum
641 1046 806 1089 castra
831 1040 1007 1104 posuit.
1052 1040 1183 1088 Dum
1223 1037 1435 1088 Sinanus
1473 1040 1712 1103 Belgradi
1736 1055 1941 1090 commo-

457 1129 607 1185 ratur,
634 1125 883 1187 ingentem
908 1124 1055 1172 etiam
1070 1113 1432 1187 Transylvanis
1458 1129 1636 1174 metum
1660 1124 1940 1185 incutiebat,

453 1207 536 1270 qui
562 1208 714 1256 variis
741 1223 801 1256 ea
828 1207 887 1256 de
904 1211 957 1256 re
971 1207 1247 1257 rumoribus
1277 1207 1328 1254 in
1354 1207 1551 1256 diversa
1576 1209 1781 1272 sparsis,
1807 1222 1941 1270 mag--

451 1305 634 1353 nopere
675 1291 991 1351 verebantur,
1030 1306 1090 1338 ne
1131 1291 1219 1339 sub
1246 1295 1504 1353 praetextu
1530 1290 1650 1339 belli
1677 1288 1941 1339 Germanis

451 1372 706 1434 inferendi,
731 1373 947 1437 ipsorum
983 1373 1287 1437 provinciam
1312 1373 1596 1434 invaderet,
1636 1388 1838 1438 eamque
1865 1389 1941 1422 ar-

453 1471 558 1504 cem
584 1456 789 1517 gerendi
832 1462 1003 1506 contra
1040 1455 1354 1506 Christianos
1380 1457 1499 1505 belli
1525 1456 1857 1507 constitueret.

885 1716 1116 1767 OAPVT
1156 1715 1514 1767 OCTAVVM.

459 1823 676 1874 Sz'nanus
712 1827 884 1874 iterum
920 1826 1196 1889 leqationem
1236 1826 1302 1872 ad
1343 1825 1702 1888 Tramylvanos
1737 1826 1938 1889 expedit,

691 1909 821 1972 iique
847 1909 1040 1955 comitia
1067 1908 1123 1954 cle
1139 1908 1401 1970 postulatis
1427 1909 1695 1956 instituunt.

601 2017 699 2067 Sed
723 2018 818 2067 hac
845 2032 923 2077 re,
962 2021 1122 2065 utrum
1145 2016 1214 2065 ita
1240 2030 1293 2064 se
1320 2016 1571 2078 habuerit,
1609 2017 1658 2066 in
1685 2017 1830 2066 dubio
1867 2032 1941 2066 re-

455 2103 586 2156 licta,
614 2101 677 2150 ad
704 2100 938 2149 Sinanum
963 2101 1244 2161 redeamus,
1286 2100 1366 2163 qui
1402 2115 1499 2148 non
1523 2100 1773 2148 immemor
1808 2099 1942 2148 insti-

455 2185 545 2233 tuti
585 2185 683 2245 sui,
727 2185 871 2233 simul
895 2189 1041 2248 atque
1067 2183 1365 2246 Belgradum
1393 2184 1652 2246 attigerat,
1679 2198 1764 2231 cur
1788 2182 1942 2246 legati

457 2267 791 2331 Transylvani
828 2281 923 2315 non
962 2267 1227 2327 adessent,
1278 2266 1444 2314 statim
1482 2265 1799 2329 perquisivit,
1837 2281 1962 2315 rur-.
2023 2279 2027 2282 ’
2090 2262 2096 2265 ’

456 2364 637 2413 susque
674 2350 898 2398 nuncium
936 2349 998 2397 ad
1025 2348 1303 2412 Principem
1342 2363 1450 2413 cum
1475 2347 1631 2396 literis
1671 2341 1957 2409 Sigismun?

457 2432 568 2482 dum
592 2432 734 2490 misit,
764 2432 894 2481 serio
917 2431 1090 2480 iubens
1105 2429 1339 2479 Caesaris
1352 2430 1557 2491 nomine,
1583 2435 1650 2491 ut,
1675 2430 1800 2479 sicut
1811 2430 1939 2494 prio-

454 2515 590 2564 ribus
614 2515 774 2564 literis
807 2520 1152 2579 praeceperat,
1193 2514 1388 2577 quantis
1426 2518 1596 2577 posset
1619 2512 1843 2561 maximis
1870 2513 1939 2561 vi-

458 2599 609 2658 1111118,
636 2597 902 2646 coniunctis
929 2612 1035 2646 cum
1060 2596 1187 2657 illis,
1228 2611 1350 2659 quas
1376 2596 1540 2644 Bassa
1567 2595 1953 2645 Temesvarien-⁴

460 2683 530 2731 sis
556 2682 820 2730 instructas
834 2680 898 2729 ad
922 2681 1102 2728 bellum
1115 2679 1334 2741 haberet,
1363 2678 1807 2742 communicatoque
1834 2694 1939 2727 cum

458 2748 772 2829 eo-cons'ilio,
810 2763 860 2811 in
883 2763 1094 2813 hostium
1129 2762 1359 2811 ditionem
1386 2763 1607 2824 duceret,
1647 2761 1936 2811 Callovium-

428 2880 431 2881 ν
458 2865 565 2912 que,
593 2853 640 2896 et
667 2848 794 2896 alias
821 2862 976 2907 arces,
1003 2861 1126 2909 quas
1152 2846 1417 2895 inclinante
1444 2846 1542 2894 iam
1567 2846 1660 2894 hoc
1685 2845 1799 2894 anni
1823 2850 1941 2893 tem-

456 2948 575 2996 pore
591 2931 888 2981 commodum
903 2931 947 2978 ei
963 2935 1106 2989 esset,
1122 2930 1173 2976 in
1186 2926 1480 2992 potestatem
1494 2929 1754 2991 redigeret.
1789 2927 1941 2976 Prae-
