2112 3288
552 190 618 236 nn
642 203 749 238 REB.
776 203 888 237 vNG.
915 205 1026 241 Duc,
1054 207 1101 239 x.
1128 207 1170 238 L.
1199 208 1244 239 x.
1520 201 1528 204 “
1574 194 1675 243 235
1713 215 1717 219 >

484 678 801 743 LIBER
861 678 1344 746 DECIMVS.

639 910 874 962 OAPVT
914 912 1206 963 PRIMVM.

167 1033 244 1082 De
277 1031 496 1083 Comitiz's
528 1032 676 1082 Albae
717 1027 880 1082 Iuliae
906 1032 1169 1096 celebratis,
1211 1043 1253 1083 et
1280 1033 1508 1098 adempta
1534 1031 1676 1084 Εἰσα-

768 1115 828 1164 lis
854 1115 1085 1166 libertate.

312 1235 536 1285 Petierat
575 1234 805 1286 Coronae
843 1236 1079 1286 nobilitas
1120 1254 1149 1286 a
1184 1237 1413 1302 Principe
1452 1242 1519 1298 ut,
1560 1253 1675 1301 quo-

167 1319 299 1370 niam
337 1318 435 1368 Dei
472 1318 715 1368 beneficio
754 1319 935 1368 bellum
984 1320 1079 1368 iam
1121 1321 1386 1370 'l‘urcicum
1426 1336 1486 1370 ex
1526 1321 1674 1370 animi

170 1403 416 1456 sententia
430 1408 565 1453 esset
594 1404 883 1464 confectum,
910 1402 1060 1453 Siculi
1079 1405 1302 1469 pristinis
1318 1405 1544 1455 Dominis
1572 1405 1679 1454 red-

170 1488 416 1538 derentur.
456 1485 557 1536 Sed
582 1486 841 1552 Princeps,
880 1503 941 1537 ne
970 1488 1086 1552 quid
1124 1489 1173 1538 in
1214 1504 1267 1537 re
1295 1490 1419 1538 tanti
1439 1491 1677 1559 ¹momenti

172 1571 462 1622 inconsultis
491 1570 762 1622 Ordinibus
778 1568 957 1635 Regni,
987 1578 1070 1622 aut
1096 1578 1297 1637 praeter
1323 1573 1398 1622 ius
1427 1578 1574 1637 atque
1600 1574 1680 1623 fas

172 1656 340 1705 faeere
367 1655 634 1717 videretur,
663 1671 767 1705 rem
791 1662 945 1706 totam
972 1658 1021 1705 in
1038 1655 1248 1706 Comitia
1273 1658 1530 1706 reiecerat.
1557 1658 1677 1707 Mox

175 1740 366 1790 domum
391 1754 640 1800 reversus,
666 1740 750 1788 vix
764 1741 937 1806 paucis
954 1741 1128 1790 diebus
1145 1757 1206 1790 ex
1235 1742 1407 1790 labore
1434 1742 1677 1806 febrique,

174 1840 273 1889 qua
298 1825 531 1875 laborare
558 1831 807 1890 coeperat,
836 1826 1138 1889 conquievit:
1172 1841 1278 1875 eum
1306 1842 1490 1876 memor
1529 1825 1678 1876 officii

172 1909 313 1959 iuxta
338 1925 398 1958 ac
422 1909 658 1974 promissi
683 1910 885 1974 publica
900 1908 1080 1958 Albam
1097 1909 1273 1958 Iuliam
1290 1910 1486 1959 comitia
1514 1911 1577 1959 ad
1592 1909 1685 1960 Oa-

172 1992 633 2063 lendas—Ianuarias
672 1993 861 2053 indixit,
902 1994 1151 2057 evulgatis
1189 1994 1239 2042 in
1279 2009 1448 2043 omnes
1488 1995 1684 2059 provin-

175 2078 282 2126 ciae
306 2082 478 2142 partes
499 2077 659 2126 literis
686 2078 946 2142 edictoque
971 2079 1243 2142 propositO,
1271 2083 1324 2126 ut
1350 2093 1456 2127 cum
1483 2094 1545 2127 ex
1573 2080 1686 2128 aliis

176 2161 464 2220 OrdinibuS‚
500 2167 600 2212 tum
628 2163 777 2212 etiam
792 2178 854 2212 ex
870 2161 1052 2212 Siculis
1069 2163 1247 2212 delecti
1265 2179 1323 2212 eo
1346 2163 1408 2212 ad
1424 2169 1616 2213 tractan
1624 2163 1686 2212 da

175 2246 378 2310 negotia
403 2247 734 2296 convenirent.
774 2246 1046 2312 Postquam
1073 2263 1244 2297 omnes
1269 2248 1484 2313 undique
1512 2247 1683 2297 Status

175 2346 236 2380 ac
261 2329 479 2381 Ordines
518 2346 576 2380 eo
614 2336 958 2396 pervenerunt,
1012 2330 1166 2381 Siculi
1206 2332 1427 2381 exhibito
1466 2331 1687 2396 Principi

175 2415 347 2465 libello
373 2415 599 2480 supplici,
628 2421 848 2465 veterem
876 2431 930 2465 se
958 2431 1064 2466 cum
1080 2416 1290 2481 pristina
1307 2432 1430 2480 erga
1458 2431 1566 2466 eum
1592 2416 1687 2465 fide

176 2499 465 2563 religionem
505 2501 684 2549 offerre
723 2501 1041 2565 profitentur,
1083 2517 1291 2565 eumque
1329 2501 1563 2566 promissi
1606 2500 1688 2549 ad-

177 2583 410 2632 monitum
437 2589 594 2645 orant,
623 2586 901 2646 obsecrant,
942 2591 991 2634 et
1028 2601 1118 2650 per
1159 2586 1321 2634 omnia
1349 2601 1496 2634 sacra
1522 2585 1684 2633 obtes-

176 2671 356 2727 tantur,
383 2671 437 2716 ut
463 2682 608 2731 quam
635 2671 789 2718 semel
829 2669 1110 2719 libertatem
1139 2668 1331 2718 solenni
1368 2668 1493 2732 ipsis
1531 2666 1680 2731 privi-

179 2751 315 2815 legio
378 2748 678 2800 reddidisset
705 2790 714 2812 ,
778 2769 886 2803 eam
936 2741 1192 2818 praesenti
1251 2767 1444 2816 quoque
1490 2755 1684 2799 senten-

178 2834 250 2883 tia
287 2834 529 2884 adversus
570 2836 846 2887 nobilitatis
871 2840 1126 2903 postulata
1165 2836 1454 2886 confirmare
1507 2835 1680 2899 digna-

179 2921 328 2967 retur.
343 2918 595 2969 Nobilitas
612 2934 673 2968 ex
689 2920 916 2983 adverso,
933 2921 1302 2972 communicatis
1317 2920 1446 2969 ultro
1463 2918 1683 2982 citroque

183 3002 416 3063 consiliis,
456 3003 677 3053 exhibito
705 3006 914 3072 supplici
940 3007 1112 3058 libello
1141 3004 1418 3070 Principem
1459 3001 1680 3053 solennis
