2112 3288
450 203 517 253 12
971 224 1034 255 10.
1061 224 1195 256 m-:cn
1221 221 1420 259 BARovn

860 409 1090 461 CAPVT
1132 409 1523 463 SECVNDVM.

723 544 798 591 Dc
836 543 972 591 clade
1016 543 1290 591 Turcarum
1328 544 1395 592 ad
1430 541 1656 593 Sisecum.

589 661 762 711 Annus
787 663 937 726 igitur
963 664 1205 725 agebatur
1245 661 1559 712 Christianae
1585 665 1759 714 salutis
1789 663 1940 714 1592.
1974 720 1977 722 μ

447 761 553 794 cum
578 746 814 795 Hazonus
842 747 1004 796 Bassa
1029 748 1302 796 Boznensis
1329 748 1508 812 partim
1534 753 1723 812 suapte,
1750 753 1938 813 sponte,

448 846 506 879 ac
531 830 782 879 saeviendi
814 832 862 879 in
902 829 1213 880 Christianos
1241 831 1532 895 cupiditate,
1570 832 1750 896 partim
1786 831 1941 881 variis

447 919 725 963 nostrorum
753 903 869 963 cum*
885 914 934 961 in
962 912 1188 975 Oroatia,
1222 919 1323 963 tum
1350 916 1400 963 in
1425 915 1536 979 ipsa
1563 915 1710 972 etiam
1734 915 1940 979 Hunga-

445 996 520 1045 ria
545 996 923 1061 irruptionibUS,
963 1014 1023 1046 ac
1062 998 1405 1047 vexationibus
1442 999 1689 1060 irritatus,
1730 998 1942 1063 quinque

421 1082 600 1148 'millia
626 1097 687 1130 ex
714 1082 842 1131 oinni
869 1098 1063 1132 suorum
1084 1098 1283 1131 numero
1307 1083 1485 1146 seligit,
1514 1087 1563 1132 et
1588 1099 1695 1132 cum
1718 1083 1781 1132 iis
1809 1082 1940 1132 Sise-

447 1182 555 1214 cum
581 1165 788 1214 obsidet.
828 1166 953 1214 Erat
991 1164 1211 1214 Sisecum
1236 1166 1287 1213 in
1322 1164 1587 1215 Sclavonia
1625 1166 1755 1215 arcis
1792 1163 1943 1215 muni·
2001 1172 2004 1175 '

445 1249 667 1297 tissimae
694 1249 879 1310 magis,
924 1264 1068 1312 quam
1095 1245 1299 1297 claustri
1325 1249 1540 1313 speciem
1566 1248 1818 1311 obtinens,
1844 1253 1946 1298 tam

447 1337 643 1393 natura,
672 1347 816 1395 quam
843 1337 950 1381 arte
976 1333 1103 1381 bene
1129 1333 1360 1382 munitum
1388 1370 1397 1394 ,
1426 1333 1502 1382 eui
1527 1333 1578 1381 id
1602 1331 1836 1398 temporis
1861 1348 1947 1392 no·

449 1416 576 1464 mine
604 1413 818 1464 Abbatis
846 1415 1085 1465 Nicolaus
1113 1416 1404 1466 Miskolcius
1439 1417 1610 1477 homo,
1651 1421 1700 1465 et
1725 1415 1945 1466 consiliis

449 1500 831 1563 circumspectus
852 1539 861 1559 ,
893 1505 941 1548 et
966 1515 1112 1548 manu
1136 1501 1533 1564 promptissimus
1557 1504 1804 1564 praeerat.
1848 1498 1948 1549 Sed

449 1582 705 1644 Vicanius,
743 1588 795 1633 ut
820 1589 1026 1644 vocant,
1066 1584 1170 1633 eius
1197 1584 1374 1648 grandi
1413 1584 1622 1648 pecunia
1647 1584 1710 1632 ab
1737 1582 1946 1633 Hazono

447 1668 610 1715 Bassa
636 1672 921 1731 corruptus,
961 1683 1049 1715 sex
1077 1683 1258 1728 annos,
1298 1668 1395 1716 iam
1421 1667 1629 1717 consilia
1665 1666 1947 1731 prodendae

449 1751 578 1800 arcis
606 1765 771 1799 secum
797 1750 1103 1814 agitaverat,
1140 1751 1448 1816 Bassamque
1487 1766 1545 1800 eo
1577 1755 1798 1814 tempore
1835 1764 1946 1798 exe-

452 1834 674 1898 quendae
713 1834 817 1882 eius
858 1835 931 1883 rei
963 1834 1129 1898 gratia
1168 1839 1479 1883 evocaverat.
1522 1836 1574 1883 Is
1611 1838 1871 1898 postquam
1897 1832 1947 1880 vi

452 1934 614 1967 arcem
640 1933 695 1967 se
722 1933 902 1983 capere
928 1933 1077 1983 posse
1104 1919 1359 1982 desperat,
1401 1918 1529 1967 datis
1555 1917 1620 1966 ad
1644 1916 1947 1981 praefectum

449 2001 609 2050 literis
636 2000 828 2063 magnis
855 2001 917 2049 ad
945 2001 1240 2051 deditionem
1267 2000 1396 2050 arcis
1412 1996 1684 2050 euinminis
1709 1999 1948 2060 hortatur,

453 2090 502 2134 et
526 2089 578 2132 ut
603 2083 799 2132 facilius
827 2099 935 2132 eam
961 2083 1149 2133 Abbati
1174 2084 1490 2148 persuadeat,
1505 2083 1666 2133 omnia
1681 2082 1951 2132 secretiora

452 2168 548 2216 sibi
575 2167 679 2216 eius
707 2167 912 2217 consilia
938 2169 1093 2231 probe
1122 2172 1351 2217 constare
1377 2167 1637 2230 significat.
1672 2164 1848 2215 Abbas
1874 2180 1951 2215 co-

449 2252 594 2300 miter
621 2252 850 2313 nuntium,
879 2251 1239 2316 diligenterque
1264 2252 1486 2315 quisnam
1506 2251 1550 2299 is
1566 2254 1714 2310 esset,
1741 2250 1824 2314 qui
1849 2253 1949 2298 sta·

445 2341 552 2384 tum
578 2336 871 2395 monasterii*
890 2335 1083 2385 Bassae
1123 2336 1425 2399 significaret
1461 2335 1764 2396 interrogat,
1789 2333 1834 2381 is
1861 2347 1948 2382 seu

454 2420 573 2479 fat0,
601 2432 688 2466 seu
702 2418 909 2468 terroris
935 2419 1200 2468 incutiendi
1217 2419 1341 2483 ipsis
1369 2418 1529 2467 studio
1550 2417 1736 2478 ductus,
1763 2414 1949 2466 Abbati

453 2518 564 2551 eum
592 2502 830 2564 assistere
870 2503 1143 2566 significat,
1181 2503 1352 2566 procul
1392 2501 1536 2550 dubio
1563 2500 1818 2551 Vicarium
1843 2499 1948 2549 eius

454 2586 676 2648 innuens,
706 2585 786 2648 qui
815 2586 991 2634 multos
1018 2587 1115 2634 iam
1142 2601 1295 2634 annos
1330 2584 1630 2634 clancularia
1656 2599 1764 2633 cum
1788 2584 1951 2632 Bassa

456 2668 676 2730 consilia,
702 2668 773 2717 uti
798 2668 979 2717 dictum
1006 2673 1106 2730 est,
1135 2669 1440 2731 agitaverat;
1479 2666 1654 2716 Abbas
1682 2681 1789 2715 cum
1817 2670 1953 2715 esset

458 2747 700 2813 altissimi,
726 2752 863 2802 iuxta
888 2753 1365 2815 moderatissimique
1393 2752 1586 2800 consilii
1611 2751 1780 2810 hom0,
1809 2739 1952 2798 dissi-¹

457 2821 639 2885 mulato
677 2836 727 2885 in
765 2851 1002 2901 praesens
1039 2836 1234 2895 dolore,
1272 2837 1440 2899 legato
1479 2835 1703 2900 protinus
1742 2831 1954 2883 Turcico

458 2937 619 2981 arma,
649 2921 930 2985 pecuniam,
960 2925 1303 2981 commeatum,
1340 2934 1625 2984 omnemque
1652 2918 1781 2967 arcis
1808 2932 1954 2981 appa-

451 3010 610 3054 ratum
638 3005 862 3054 ostendit.
905 3005 976 3055 Eo
1004 3005 1215 3066 nuntius,
1244 3020 1397 3069 supra
1426 3019 1570 3069 quam
1603 3001 1825 3066 cuiquam
1852 3015 1952 3050 cre-
