2112 3288
507 174 572 206 DE
598 173 706 207 REB.
732 172 844 207 vm.
873 173 985 206 mse.
1014 174 1060 207 x.
1087 187 1157 192 —
1183 175 1473 208 PRAEFATIO.
1516 201 1525 205 -
1710 164 1751 218 ,5

242 269 439 351 ditatis,
465 295 554 351 ne,
582 289 626 338 si
650 289 780 337 forte
807 289 1060 353 quippiam
1085 289 1372 353 imprudens
1398 292 1639 342 historiae
1666 295 1749 343 im-

243 375 526 437 sefflisssem,
553 373 684 438 quod
710 378 844 423 tuam
870 365 1205 438 Principalem
1233 375 1550 425 Maiestatem
1578 379 1752 427 merito

241 458 488 526 potuisset
512 457 775 520 offendere,
792 457 1253 523 praesentissimum
1268 459 1446 523 capitis
1475 459 1752 522 discrimen,

241 532 321 605 et,
347 541 460 593 dum
485 541 726 607 gratiam,
760 546 909 606 atque
936 542 1246 591 clementiam
1273 541 1569 592 Serenitatis
1611 545 1753 594 Tuae

241 631 402 693 capto,
427 627 701 693 periculum
739 626 857 675 mihi
884 642 1122 676 crearem.
1163 626 1304 687 Quae
1332 627 1557 691 quamvis
1586 643 1662 677 me
1689 630 1752 678 ab

240 711 337 762 hoc
358 712 571 777 incept0,
599 726 697 761 non
723 716 910 761 temere
949 712 1234 761 absterrere
1260 701 1564 777 potuissent,
1606 714 1755 762 omni-

188 839 190 844 ,
241 797 342 848 bus
360 800 527 846 tamen
551 795 654 844 illis
678 795 1042 860 impedimentis
1068 796 1388 860 posthabitiS,
1416 801 1623 845 conatus
1646 812 1754 846 sum

242 881 294 932 in
319 879 414 930 hae
452 879 643 930 decima
681 895 898 930 meorum
927 878 1402 930 Commentariorum
1435 880 1641 930 Decade
1673 897 1755 931 res

241 969 415 1029 gestas
440 964 654 1029 proximi
679 965 878 1014 triennii
905 965 1118 1014 maxime
1143 966 1492 1015 memorabiles
1520 966 1754 1027 breviter,

241 1064 303 1101 ao
327 1053 562 1113 quantum
600 1049 804 1114 assequi
828 1049 993 1114 potui,
1033 1050 1292 1099 verissime
1331 1050 1604 1115 complecti.
1649 1049 1757 1098 Pri-

241 1147 372 1183 mum
397 1133 620 1198 quidem,
647 1138 710 1183 ut
728 1120 1047 1184 admirandas
1081 1134 1182 1184 Dei
1210 1133 1400 1199 Optimi
1426 1134 1632 1184 Maximi
1658 1150 1755 1196 res,

242 1235 372 1286 quae
395 1209 569 1283 paucis
594 1218 733 1268 hisce
759 1219 903 1269 annis
931 1221 1269 1284 contigerunt,
1297 1220 1527 1284 iustaque
1555 1220 1662 1268 eius
1687 1220 1757 1268 iu-

243 1302 400 1366 dicia,
439 1311 570 1367 quae
604 1303 654 1353 in
680 1305 862 1353 multos
903 1305 1140 1354 mortales
1180 1303 1429 1363 exercuit,
1470 1303 1757 1368 posteritati
1817 1363 1831 1374 ,

242 1387 507 1438 traderem.
549 1386 771 1449 Deinde,
797 1392 852 1436 ut
876 1387 1100 1437 historiis
1127 1387 1332 1438 Patriae
1359 1403 1450 1453 pro
1477 1403 1587 1437 mea
1613 1392 1756 1453 parte

242 1471 410 1533 virili,
429 1475 480 1520 et
505 1486 602 1535 ego
629 1471 964 1534 consulerem,
1004 1489 1097 1522 nec
1128 1478 1295 1522 tantas
1332 1477 1536 1522 nostrae
1576 1472 1758 1522 aetatis

242 1555 606 1620 reseperpetuis
633 1555 937 1606 oblivionum
963 1556 1184 1606 tenebris
1211 1556 1417 1617 involvi,
1447 1561 1681 1621 quantum
1707 1557 1759 1605 in

243 1655 322 1691 me
346 1640 495 1702 situm
521 1644 684 1701 esset,
711 1639 963 1690 desidiose
987 1644 1205 1705 paterer.
1234 1639 1484 1705 Imprimis
1511 1656 1632 1690 vero
1662 1640 1761 1689 Au-

242 1724 947 1788 gustam,—Venerabilemque
972 1728 1088 1774 tuae
1115 1723 1414 1774 Serenitatis
1439 1725 1649 1786 famam,
1691 1730 1760 1774 at-

241 1824 341 1875 que
368 1808 582 1873 gloriam
600 1823 699 1858 non
725 1808 886 1859 solum
912 1809 1042 1874 apud
1073 1809 1374 1859 domesticos
1400 1810 1641 1875 popuIOS,
1671 1810 1761 1859 sed

245 1894 395 1945 etiam
420 1893 553 1959 apud
579 1898 829 1953 externoS,
858 1894 1124 1959 verissima
1137 1910 1302 1944 rerum
1328 1883 1583 1958 gestarum
1610 1895 1763 1944 histo-

244 1964 322 2028 ria
345 1978 476 2029 inter
501 1979 642 2044 ipsos
668 1979 1050 2043 promulganda,
1074 1984 1247 2029 contra
1279 1980 1554 2028 malevolos
1579 1984 1761 2041 tuerer,

246 2068 396 2128 atque
433 2063 762 2113 defenderem.
804 2063 918 2113 Non
946 2064 1074 2113 enim
1112 2069 1232 2128 puto
1260 2062 1590 2113 serenitatem
1628 2069 1762 2112 tuam

245 2147 432 2210 later-e,
472 2163 619 2212 quam
644 2147 783 2197 multi
821 2149 1086 2208 mortales,
1126 2148 1223 2197 hac
1247 2147 1510 2211 tragoedia
1547 2148 1762 2212 penitius

244 2249 346 2286 non
370 2232 645 2292 intellecta,
674 2231 928 2281 sinistrum
955 2233 1017 2282 de
1043 2232 1170 2282 actis
1200 2231 1497 2282 Serenitatis
1526 2233 1669 2282 Tuae
1695 2232 1764 2281 iu-

249 2317 428 2368 dicium
450 2316 615 2377 ferre,
643 2316 1042 2382 virulentosque,
1075 2317 1373 2383 praesertim
1400 2317 1451 2365 in
1478 2316 1663 2366 exteris
1689 2332 1768 2366 re—

249 2401 482 2468 gionibus
521 2415 777 2451 sermones
818 2415 1062 2466 spargere
1094 2419 1193 2452 non
1219 2406 1502 2452 vereantur.
1543 2401 1640 2450 His
1667 2417 1768 2450 ma-

250 2486 521 2538 ledicorum
564 2485 754 2534 voculis
795 2486 1036 2549 quomodo
1078 2486 1276 2536 obviam
1314 2486 1408 2547 iri,
1465 2501 1649 2549 oraque
1690 2501 1767 2534 eo-

251 2585 360 2620 rum
385 2569 610 2619 obturari
647 2574 884 2634 possent,
925 2570 1151 2634 equidem
1179 2586 1276 2619 non
1316 2570 1491 2631 vide0,
1532 2585 1678 2633 quam
1716 2574 1769 2617 ut

253 2653 517 2704 verissima
559 2669 724 2703 rerum
770 2660 1026 2717 gestarum
1070 2653 1283 2705 historia
1329 2655 1380 2704 in
1417 2656 1576 2704 lucem
1622 2652 1767 2712 edita,

253 2740 482 2802 iustaque
510 2735 763 2802 Apologia
787 2739 1119 2804 promulgata,
1145 2740 1351 2801 famam,
1379 2738 1769 2801 dignitatemque

256 2838 420 2884 suam,
449 2820 706 2872 serenitas
744 2825 858 2886 Tua
897 2825 1045 2874 etiam
1082 2826 1133 2874 in
1159 2824 1441 2890 peregrinis
1481 2821 1768 2886 regionibus

257 2907 397 2957 orbis
434 2905 732 2969 Christiani,
774 2908 924 2972 longe
967 2911 1168 2974 lateque
1206 2914 1416 2958 tueatur.
1466 2907 1574 2956 Nec
1612 2906 1768 2954 solum

260 2991 393 3043 hane
416 2991 694 3041 Historiam
718 2993 982 3044 verissime
1010 2995 1309 3060 descriptam
1338 3006 1531 3052 eorum,
1575 2991 1658 3056 qui
1684 2990 1767 3040 ad-
