2112 3288
859 199 1122 234 mmmmm.
1520 202 1528 206 ·
1554 191 1750 237 LXXIX

1667 299 1748 355 'Lar

239 370 346 429 Cap.
368 370 448 414 IX.
470 370 540 414 De
560 367 746 412 infelicis
780 367 956 410 Ioannis
979 366 1175 411 Szelestii
1204 367 1451 412 Csanadum
1475 385 1626 413 versus

382 441 667 500 expeditione,
692 445 734 482 et
755 438 971 497 peditibus
994 439 1039 482 in
1061 439 1349 497 Transalpina
1371 441 1507 483 caesis
1548 474 1560 485 .
1611 476 1620 487 .
1660 443 1747 485 263

237 514 344 573 Gap.
367 514 425 557 X.
449 514 517 557 De
539 512 814 571 expeditione
849 511 1105 556 Mahometis
1140 512 1218 555 ΙΙΙ.
1242 511 1445 556 Caesaris
1468 513 1627 557 Turco-

379 600 475 629 rum
495 587 542 628 in
564 585 813 642 Vngariam,
834 584 1155 641 Hatvanoque
1143 598 1322 627 incenso
1425 619 1434 629 .
1486 617 1497 629 .
1607 620 1618 631 .
1658 586 1747 630 265

236 657 344 716 Gap.
367 657 448 701 XL
469 657 540 701 De
562 656 700 714 Agria
720 672 746 701 a
767 657 921 699 Turcis
944 656 1132 712 obsessa,
1154 663 1282 714 atque
1305 657 1433 700 etiam
1461 672 1623 715 oppug-

378 735 480 773 nata
526 761 1615 774 ...................
1658 730 1744 773 267

234 801 341 860 Cap.
363 802 467 846 XII.
489 802 559 845 De
582 801 858 860 expeditione
893 800 1161 858 Sigismundi
1182 801 1395 859 Principis
1418 801 1622 860 Transyl-

377 875 533 918 vaniae
554 873 610 917 ad
632 889 758 932 opem
778 871 1065 930 Agriensibus
1087 871 1310 916 ferendam
1362 906 1614 918 .....
1655 875 1739 918 271

233 943 340 1004 Cap.
364 945 488 989 XlII.
522 946 591 988 De
612 945 774 1003 praelio
810 945 1152 989 Christianorum
1187 959 1286 988 cum
1309 944 1496 988 Caesare
1517 946 1623 989 Tur-

375 1033 536 1072 camm,
571 1025 614 1061 et
634 1024 912 1075 utrarumque
945 1018 1132 1074 partium
1153 1017 1257 1074 fuga
1281 1022 1410 1075 atque
1433 1016 1554 1061 clade
1595 1051 1606 1062 .
1647 1018 1739 1064 273

231 1089 337 1148 Cap.
359 1090 482 1134 XIV.
508 1090 575 1134 De
597 1090 789 1134 Tartaris
812 1105 835 1133 e
856 1089 1143 1147 Transalpina
1155 1088 1351 1147 repulsis,
1374 1089 1619 1147 Transalpi-

374 1175 613 1220 norumque
626 1163 672 1205 in
685 1155 851 1205 Turcas
873 1160 1149 1219 expeditione
1169 1163 1464 1219 interrumpta‚
1484 1161 1619 1205 altero

371 1233 634 1278 Chamorum
655 1250 682 1277 a
702 1234 833 1278 fratre
854 1235 1124 1292 interempto,
1146 1233 1431 1292 felicibusque
1453 1234 1617 1278 Ianiza-

369 1307 423 1349 rii
442 1306 603 1351 horarii
623 1305 955 1350 excursionibus
998 1338 1606 1353 ...........
1648 1309 1735 1351 282

706 1499 903 1544 DEOAS
924 1498 1254 1544 VNDECIMA.
1302 1568 1304 1570 ‚

802 1583 949 1617 LIBER
966 1582 1159 1616 PRIMVS.

226 1652 332 1712 Cap.
351 1653 386 1699 I.
408 1654 476 1698 De
499 1654 696 1700 Comitiis
708 1654 986 1710 Albensibus‚
1009 1662 1050 1698 et
1070 1654 1191 1698 abitu
1204 1655 1415 1714 Principis
1431 1657 1486 1700 ad
1509 1657 1615 1702 Cae-

367 1740 510 1770 sarem
534 1726 855 1781 Germanicum,
877 1741 929 1769 ac
951 1726 1092 1769 reditu
1118 1727 1312 1771 eiusdem
1353 1762 1606 1775 .....
1648 1730 1734 1774 286

223 1795 331 1855 Cap.
354 1796 412 1855 Π.
435 1797 505 1841 De
526 1797 660 1842 literis
682 1798 854 1842 Hazoni
879 1799 1042 1842 Bassae
1064 1797 1120 1842 ad
1142 1798 1388 1857 Principem
1410 1800 1615 1858 Transyl-

365 1871 522 1913 vaniae
565 1903 1604 1918 ..................
1646 1874 1732 1917 287

222 1938 327 1998 Cap.
349 1939 427 1985 ΙΙΙ.
447 1941 517 1984 De
539 1941 725 1985 Martino
746 1943 936 1986 Literato
958 1942 1015 1985 ad
1037 1941 1268 1986 Caesarem
1291 1944 1542 2000 'Fumat-um,
1569 1951 1612 1989 et

364 2011 588 2070 Alphonso
609 2013 771 2058 Iesuita
784 2015 839 2058 ad
855 2014 1129 2073 Rudolphum
1149 2015 1460 2074 Imperatorem
1482 2018 1612 2060 misso
1645 2018 1733 2061 290

225 2083 332 2142 Cap.
353 2083 429 2129 IV.
454 2085 522 2128 De
542 2086 706 2130 Ioanne
728 2086 935 2131 Szelestio
958 2094 1096 2146 capto,
1130 2087 1388 2147 Aaroneque
1413 2089 1611 2148 Vajvoda

362 2156 609 2201 Moldaviae
636 2165 803 2202 mortuo
875 2193 1601 2208 .............
1642 2163 1730 2207 292

219 2227 326 2287 Cap.
348 2228 401 2274 V.
426 2228 495 2271 De
531 2228 722 2287 Caspai-e
743 2230 905 2274 Kornis
940 2231 1153 2275 Viennam
1175 2233 1319 2287 misso,
1341 2233 1536 2292 Tataque
1557 2249 1610 2278 ac

360 2299 482 2357 Papa
511 2301 557 2343 in
591 2299 884 2344 Christianam
907 2301 1113 2346 ditionem
1135 2302 1333 2360 redactis,
1368 2310 1411 2347 et
1432 2304 1606 2349 Iaurino

360 2371 519 2416 frustra
546 2379 793 2431 oppugnato
865 2408 1599 2422 .............
1639 2379 1727 2422 294

214 2442 320 2502 Cap.
343 2443 421 2489 VI.
445 2444 512 2488 De
533 2445 802 2489 Tomosvaro
837 2446 995 2490 frustra
1017 2462 1094 2505 per
1116 2447 1384 2505 Stephanum
1405 2449 1604 2493 Josikam

360 2522 607 2574 oppugnato
651 2551 1504 2567 ...............
1585 2556 1595 2566 .
1636 2523 1723 2566 296

215 2585 322 2644 Cap.
345 2587 444 2633 VII.
464 2587 534 2632 De
557 2589 753 2634 Comitiis
786 2589 1064 2647 Albensibus,
1096 2607 1148 2635 ac
1177 2593 1356 2636 consilio
1381 2595 1602 2651 resignan-

356 2659 437 2703 dae
457 2660 801 2719 Transylvaniae
823 2677 901 2720 per
922 2662 1118 2707 fraudem
1140 2664 1169 2708 J
1171 2665 1315 2708 osicae
1336 2665 1552 2708 retardato
1634 2666 1719 2708 297

213 2729 323 2788 Cap.
345 2729 465 2773 VIII.
502 2731 571 2775 De
606 2731 801 2777 Comitiis
837 2736 1055 2778 renovatis
1088 2735 1280 2779 adventu
1325 2736 1598 2792 Legatorum,

355 2807 565 2860 captoque
586 2803 742 2848 Josika
765 2805 1037 2850 Cancellario
1099 2841 1591 2853 .........
1632 2810 1719 2852 298

210 2872 316 2931 Cap.
339 2872 419 2920 IX.
442 2872 512 2916 De
525 2874 764 2921 iuramento
783 2877 996 2922 Ordinum
1018 2894 1070 2922 ac
1083 2880 1344 2936 Legatorum
1363 2879 1595 2922 Caesareo-

352 2959 462 2998 rum,
482 2943 702 3006 literisque
722 2948 940 3008 Rudolphi
961 2951 1235 3009 Imperatoris
1278 2984 1588 2996 ......
1628 2954 1718 2999 300

209 3014 315 3074 Cap.
337 3015 396 3061 X.
420 3015 487 3059 De
509 3016 790 3063 valedictoria
810 3021 1022 3081 Principis
1044 3023 1102 3067 ad
1125 3022 1311 3066 Ordines
1334 3024 1525 3067 oratione
1575 3057 1586 3072 .
1627 3025 1716 3072 302
