2112 3288
598 197 664 230 DE
689 197 798 230 nnn.
828 196 940 231 vNG.
966 196 1076 232 nne.
1103 197 1152 233 x,
1177 199 1221 230 L.
1250 199 1295 232 x.
1504 203 1514 206 <
1591 186 1702 237 2591

194 311 538 376 nonnullisque
563 312 852 373 interfectis,
893 317 943 360 et
980 314 1173 376 magnis
1211 314 1341 363 ultro
1367 314 1522 364 illatis
1551 315 1699 365 detri-

190 394 370 445 mentis
396 394 448 444 in
473 395 706 460 oppidum
733 412 764 445 a
789 395 975 444 nostris
1003 395 1370 446 reiiciebantur.
1425 396 1567 457 Quae
1592 398 1704 449 dum

193 471 455 545 geruntur,
495 494 610 529 ecce
649 496 833 544 magna
860 480 1190 531 Tartarorum
1229 495 1402 530 manus
1439 495 1501 529 ex
1526 482 1706 547 impro-

192 563 301 614 viso
339 563 526 614 nostris
569 565 882 630 supervenit,
922 565 1209 634 ingentique
1249 566 1467 614 clamore
1507 567 1704 616 sublato

179 647 374 706 ,eastris
418 648 699 713 adequitat,
752 655 802 699 et
826 649 1115 700 immensam
1163 650 1374 699 telorum
1417 650 1516 699 vim
1551 650 1709 700 instar

191 731 343 782 nimbi
367 732 419 783 in
442 738 642 783 nostros
670 732 901 791 effundit3
951 738 1054 782 tum
1083 749 1200 784 vero
1228 734 1387 784 nostri
1414 733 1606 784 demum
1632 750 1707 784 er-

189 831 354 868 rorem
378 817 643 868 militarem
669 806 996 882 agnoverunt,
1037 823 1086 867 et
1111 833 1212 867 non
1238 823 1353 868 ante
1382 817 1706 868 obsidendam

191 901 365 952 urbem
400 902 527 952 tanti
565 902 796 952 momenti
833 902 991 952 fuisse
1029 902 1508 964 animadverterunt,
1561 918 1708 969 quam

194 985 468 1036 auxiliares
497 987 773 1036 Turcarum
803 986 1194 1037 Tartarorumve
1222 986 1394 1051 copias
1420 987 1709 1051 propulsas-

193 1074 343 1133 sent,
382 1070 878 1135 circumiacentiaque
932 1070 1145 1120 castella
1198 1071 1460 1135 cepissent.
1515 1069 1616 1120 Sed
1651 1085 1709 1120 eo

195 1158 360 1205 errato
384 1170 483 1206 non
509 1155 740 1217 contenti,
767 1157 976 1205 alterum
1016 1155 1167 1205 etiam
1193 1154 1439 1220 superiori
1463 1155 1709 1217 adiiciunt,

195 1243 245 1288 et
292 1252 401 1289 cum
441 1240 630 1289 eductis
670 1239 930 1290 confestim
982 1239 1138 1304 copiis
1180 1240 1424 1288 Tartaros
1463 1239 1711 1304 repellere

195 1321 448 1386 deberent,
485 1324 535 1374 in
574 1324 755 1375 castris
795 1339 850 1373 se
890 1324 1166 1385 continent,
1205 1339 1265 1373 ac
1302 1324 1428 1373 satis
1463 1337 1711 1390 superque

194 1406 291 1457 rati
315 1407 437 1470 fore,
476 1408 520 1458 si
547 1413 720 1459 contra
746 1408 1047 1473 irruptiones
1075 1408 1367 1457 Tartaricas
1393 1423 1507 1457 sese
1547 1407 1711 1458 defen-

196 1491 383 1555 derent,
435 1493 724 1543 obsidentes
752 1493 1057 1543 obsidentur.
1114 1493 1320 1543 Tartari
1358 1494 1567 1559 sumptis
1609 1494 1712 1543 ani-

193 1576 303 1639 mis,
330 1582 380 1627 et
405 1593 586 1642 magno
615 1593 843 1628 curruum
870 1578 1209 1628 onerariorum
1227 1579 1499 1641 (numero),
1528 1579 1708 1643 quibus

199 1665 502 1714 commeatus
541 1663 956 1728 apportabantur,
982 1663 1098 1712 item
1140 1663 1415 1727 agrestium
1453 1662 1714 1724 hominum,

196 1749 344 1810 atque
387 1745 714 1797 iumentorum
765 1752 1049 1797 nostrorum
1101 1746 1311 1796 abducto
1362 1746 1712 1811 pabulationes

118 1852 121 1855 ¹
195 1836 246 1880 et
270 1837 573 1883 commeatus
598 1832 928 1897 intercipiunt,
962 1836 1011 1882 et
1039 1838 1214 1882 cuncta
1241 1831 1560 1882 circumcirca
1598 1832 1710 1881 loca

195 1913 318 1964 diris
344 1916 722 1973 excursionibus
749 1916 933 1966 infesta
959 1916 1183 1966 reddunt.
1211 1916 1308 1965 His
1324 1916 1476 1965 rebus
1503 1915 1598 1965 duo
1626 1931 1712 1980 po-

193 1998 438 2049 tissimum
466 2000 720 2050 consecuti
747 2001 909 2050 fuere:
939 2001 1068 2050 Nam
1095 2006 1145 2050 et
1158 1999 1384 2050 obsessis
1412 1999 1604 2049 animos
1619 1998 1707 2048 ad-

197 2082 442 2146 diderunt,
469 2089 519 2133 et
545 2084 888 2134 obsidentibus
916 2088 1158 2134 terrorem
1171 2100 1270 2134 non
1298 2083 1528 2147 exiguum
1553 2082 1712 2133 incus—

195 2172 380 2218 serunt.
434 2168 612 2233 Itaque
651 2169 815 2218 nostri
852 2168 903 2217 in
943 2183 1160 2218 summas
1201 2167 1463 2231 angustias
1501 2166 1708 2229 redacti,

196 2266 289 2301 nec
314 2252 731 2317 oppugnationem
757 2252 910 2315 urbiS,
951 2268 1011 2302 ea
1050 2268 1148 2317 qua
1175 2252 1426 2303 debebant
1451 2251 1713 2301 commodi-

199 2339 302 2386 tate
341 2341 573 2402 poterant
610 2337 911 2400 continuare,
952 2343 1003 2388 et
1041 2338 1402 2388 commeatibus
1436 2341 1706 2403 coeperant

197 2419 250 2469 in
275 2419 383 2471 dies
408 2421 570 2487 magis
597 2426 746 2486 atque
773 2422 935 2486 magis
962 2422 1188 2473 deficere.

341 2504 585 2571 Princeps
613 2507 839 2570 quamvis
878 2512 951 2558 tot
978 2508 1194 2573 undique
1221 2506 1595 2558 difficultatibus
1621 2521 1712 2571 per

199 2587 374 2639 ducum
397 2589 695 2655 imperitiam
724 2591 1103 2653 conflictaretur,
1131 2598 1297 2643 tamen
1322 2590 1604 2642 instandum
1630 2590 1713 2639 ad-

198 2672 295 2723 huc
319 2676 462 2723 ratus
490 2673 661 2723 statuit
697 2676 1119 2740 oppugnationem
1158 2683 1380 2727 extremo
1422 2679 1602 2724 conatu
1626 2688 1710 2724 ex-

199 2756 367 2822 periri.
418 2758 595 2821 Itaque
635 2772 743 2806 cum
782 2760 1116 2826 amplissimus
1143 2776 1233 2825 per
1269 2760 1440 2809 ruinas
1466 2772 1713 2807 murorum

201 2841 364 2892 aditus
390 2845 566 2907 patere
592 2842 985 2907 conspiceretur:
1039 2846 1336 2910 quingentos
1377 2842 1573 2891 circiter
1612 2858 1710 2907 qua

205 2927 414 2991 equites,
441 2941 539 2991 qua
564 2926 758 2992 pedites
784 2929 968 2993 seligit,
996 2931 1156 2996 iisque
1185 2931 1421 2980 ducentos
1438 2927 1629 2988 Scotos,
1653 2931 1714 2997 'et

196 3012 415 3077 aliquam
455 3007 818 3062 Germanorum
855 3015 1074 3080 peditum
1118 3031 1310 3065 manum
1350 3012 1586 3076 adiungit.
1644 3010 1714 3060 Hi

1488 3106 1572 3153 17*
