2112 3288
433 151 533 203 130
960 168 1024 201 10.
1055 168 1185 201 meon
1218 169 1414 202 BARovn

426 284 617 348 publice
645 283 723 332 vel
750 284 978 348 privatim
1003 285 1234 334 afficeret.
1273 285 1506 350 Quisquis
1544 300 1684 334 secus
1709 285 1912 348 faceret,

430 384 551 429 eum,
581 368 625 416 si
650 368 830 417 nobilis
857 374 1003 427 esset,
1031 368 1377 420 confiscatione
1402 371 1650 428 bonorum,
1678 369 1721 416 si
1748 373 1908 418 autem

427 452 664 516 plebeiUS,
692 452 850 518 capite
878 467 931 501 se
963 453 1238 517 puniturum
1275 454 1611 502 interminatus
1651 459 1741 502 est.
1794 452 1912 503 Mox
1970 442 1975 446 ⁴

427 534 510 582 ubi
534 535 707 599 paucis
746 535 1015 584 interiectis
1056 535 1228 585 diebus
1267 526 1642 601 conquievisset,
1674 536 1913 609 interrup-

426 623 525 667 tum
565 619 863 670 comitiorum
903 634 1098 669 cursum
1136 621 1405 670 continuari
1437 622 1595 682 iussit,
1636 626 1684 670 et
1713 625 1766 670 ut
1791 634 1914 669 com-

427 702 556 751 muni
593 704 800 753 omnium
840 703 1060 752 ordinum
1101 719 1340 754 consensu
1390 722 1420 754 a
1458 706 1668 755 Turcico
1717 703 1915 753 foedere

430 786 798 848 descisceretur,
826 803 915 851 per
955 785 1313 836 Cancellarium
1351 789 1666 853 amplissima,
1707 793 1756 837 et
1794 792 1915 836 tam-

428 886 570 934 quam
597 886 834 934 cygnaea,
860 875 913 919 ut
939 871 1088 931 aiunt,
1122 877 1442 935 exponentem
1480 872 1713 934 oratione,
1751 874 1916 935 postu·

427 954 563 1010 lavit.
592 954 780 1014 Quibus
808 953 1054 1018 Principis
1080 955 1344 1018 postulatis
1372 957 1603 1021 acceptis,
1642 962 1691 1006 ct
1714 954 1913 1005 nonnul-

427 1037 489 1086 lis
527 1039 654 1087 ultro
694 1038 912 1101 citroque
951 1038 1257 1085 sermonibus
1297 1053 1356 1086 ea
1395 1038 1455 1087 de
1495 1055 1548 1087 re
1585 1039 1784 1100 habitis,
1820 1051 1916 1086 uno

426 1121 622 1169 tandem
649 1121 856 1169 omnium
895 1135 1134 1169 consensu
1176 1121 1399 1170 societati
1437 1122 1678 1170 Turcicae
1715 1122 1918 1175 nuncius

428 1205 661 1253 remissus
687 1205 793 1253 fuit.
817 1203 1005 1264 Quibus
1033 1204 1257 1258 omnibus
1295 1205 1459 1265 rebus,
1497 1211 1757 1270 postquam
1795 1206 1918 1256 satis

427 1288 647 1350 fiduciae,
675 1304 732 1337 ac
758 1289 1035 1338 securitatis
1064 1289 1365 1338 adversariis
1390 1290 1655 1353 iniecisset,
1695 1283 1920 1355 sequenti

428 1371 506 1421 die
533 1372 770 1422 dominico
811 1388 978 1421 omnes
1020 1373 1082 1422 ad
1125 1388 1179 1422 se
1218 1373 1367 1422 acciri
1392 1374 1550 1441 iussit,
1579 1390 1635 1424 eo
1664 1376 1840 1436 colore,
1866 1379 1919 1423 ut

429 1456 719 1520 quibusdam
745 1456 889 1505 seriis
915 1458 1063 1505 rebus
1090 1457 1315 1506 tractatis
1343 1472 1396 1506 se
1423 1473 1568 1506 sacra
1607 1473 1916 1508 accessurum

426 1541 625 1590 honoris
653 1556 803 1589 causa
830 1541 1136 1591 deducerent,
1166 1542 1241 1590 Eo
1267 1542 1351 1591 ubi
1379 1558 1547 1592 omnes
1574 1543 1636 1592 ad
1648 1559 1793 1593 unum
1807 1558 1916 1593 con·

424 1625 688 1685 venissent,
717 1630 765 1673 et
789 1624 886 1673 iam
913 1625 1102 1688 ingenti
1126 1626 1369 1675 hominum
1395 1627 1699 1692 multitudine
1738 1628 1787 1677 in
1811 1629 1918 1693 pla-

424 1710 516 1757 teis
567 1708 836 1757 deducendi
888 1724 1036 1757 causa
1076 1716 1417 1773 commorante,
1470 1711 1734 1774 Magnatcs
1772 1711 1916 1761 etiam

427 1792 732 1856 Principem,
801 1792 942 1855 quasi
979 1793 1175 1841 iamiam
1215 1794 1533 1858 proditurum,
1557 1796 1918 1859 praestolaren-

424 1883 533 1926 tur:
557 1877 787 1926 inclamat
812 1875 1051 1941 Princeps
1089 1892 1178 1941 per
1216 1879 1484 1928 fenestram
1522 1879 1697 1943 palatii
1721 1884 1915 1944 praeto-

430 1961 611 2021 rianos,
640 1966 687 2009 et
714 1977 776 2010 an
801 1961 945 2009 fidem
973 1961 1068 2010 sibi
1093 1968 1349 2026 praestare
1388 1963 1586 2024 vellent,
1627 1964 1913 2028 interrogat.

424 2038 506 2093 Illi
531 2049 733 2108 paratos
763 2059 818 2092 se
846 2044 910 2092 ad
938 2044 1097 2093 omnia
1122 2045 1229 2094 fore
1243 2046 1555 2109 respondent,
1583 2062 1791 2111 moxque
1810 2047 1915 2096 sine

424 2143 560 2178 mora
586 2127 697 2176 dato
726 2127 875 2189 signo
918 2114 1225 2177 centuriones
1264 2128 1326 2176 ad
1367 2128 1418 2176 id
1445 2128 1621 2178 delecti
1645 2129 1916 2194 irrumpunt

423 2212 471 2259 in
508 2211 596 2260 illa
633 2211 835 2275 palatia,
887 2212 936 2259 in
977 2213 1151 2275 quibus
1198 2228 1428 2274 proceres
1478 2215 1912 2275 commorabantur,

424 2310 606 2357 eosque
634 2295 890 2343 confestim
918 2296 1298 2359 comprehensos
1338 2297 1564 2346 vinciunt.
1600 2299 1716 2346 Mox
1743 2297 1911 2346 sedato

422 2379 639 2438 tumultu,
668 2379 750 2442 qui
775 2379 950 2441 ingens
979 2396 1039 2428 ex
1066 2380 1344 2442 ignorantia
1369 2381 1442 2428 rei
1469 2385 1604 2429 ortus
1642 2381 1816 2442 fuerat,
1844 2381 1912 2430 di-

397 2460 644 2510 ⁴versoria
668 2461 938 2510 vinctorum
976 2478 1233 2526 procerum
1272 2469 1583 2527 occupantur,
1623 2468 1671 2511 et
1708 2480 1770 2513 ne
1796 2464 1912 2529 quid

424 2543 681 2593 seditionis
708 2560 738 2591 a
765 2543 1039 2606 clientibus,
1091 2545 1385 2609 famulisque
1426 2561 1590 2595 eorum
1623 2553 1910 2610 emergeret,

424 2628 606 2677 clausis
645 2627 865 2676 omnibus
904 2614 1076 2691 portis,
1130 2629 1380 2678 custodiae
1430 2630 1616 2679 civitati
1654 2636 1907 2695 ponuntur.

423 2714 615 2762 Exacto
642 2711 712 2759 ita
738 2711 897 2759 triduo
928 2711 1017 2759 sub
1048 2726 1287 2773 auroram,
1317 2728 1409 2776 quo
1449 2714 1642 2777 penitus
1669 2719 1906 2764 momento

422 2796 667 2846 inauditae
694 2795 1040 2858 magnitudinis
1068 2796 1354 2859 grandinem
1392 2798 1556 2847 multis
1592 2799 1641 2847 in
1679 2798 1801 2847 locis
1827 2782 1904 2847 de-

422 2881 600 2929 cidisse
640 2880 996 2944 deprehensum
1036 2886 1126 2939 est,
1167 2881 1451 2931 Alexander
1483 2882 1665 2943 Kendi,
1693 2883 1905 2931 Ioannes

420 2965 544 3028 Iffiu,
567 2963 775 3013 Gabriel
802 2965 981 3025 Kendi,
1010 2967 1221 3013 Ioannes
1252 2966 1425 3027 Forro,
1465 2965 1739 3028 Gregorius
1772 2965 1903 3014 Lite-
