2112 3288
449 204 569 248 XLII
961 217 1092 250 DEcst
1116 205 1254 250 aANos
1275 204 1424 248 15:11an

449 334 681 378 numerat.
711 329 847 378 Idem
873 328 1043 379 statuit
1069 326 1257 388 Cicero,
1296 328 1422 377 idem
1459 326 1662 384 Fabius,
1700 333 1750 375 et
1773 325 1936 376 idonei

449 412 625 476 quique
663 414 907 475 authores,
935 414 1016 478 qui
1040 411 1371 479 persuasoriis
1399 411 1711 476 argumentiS,
1740 425 1939 475 prover-

446 496 542 545 biis
569 498 709 560 quasi
734 498 954 558 vibratis,
981 498 1167 547 animos
1207 496 1477 546 auditorum
1503 497 1649 560 longe
1675 494 1842 545 acrius
1867 495 1935 544 fe-

447 580 589 640 riunt,
617 585 665 630 et
691 582 923 647 quosdam
962 582 1113 631 veluti
1147 581 1495 646 cogitationum
1533 580 1731 630 aculeos
1767 579 1935 629 menti-

446 665 538 714 bus
564 680 729 715 eorum
754 666 931 716 infixos
957 666 1250 730 relinquunt.

588 748 868 810 Praeterea,
897 754 1127 814 quantum
1151 749 1231 799 vel
1259 748 1524 813 dignitatis,
1552 747 1631 796 vel
1660 745 1934 796 venustatis

448 832 715 896 adiungant
741 833 950 883 orationi
976 833 1253 897 proverbia,
1279 833 1348 881 ita
1373 838 1548 891 tamen,
1576 831 1618 880 si
1644 829 1934 895 tempestive

449 916 785 978 adhibeantur,
812 917 924 982 ipsa
950 918 1058 967 luce
1083 917 1350 966 meridiana
1386 916 1566 966 clarius
1610 931 1721 965 esse
1758 919 1933 980 potest-

453 1001 652 1063 Adagia
689 1001 814 1050 enim
865 1005 913 1050 et
948 1000 1253 1064 antiquitatis
1290 1016 1378 1050 ceu
1414 1000 1622 1050 stellulis
1647 998 1937 1063 quibusdam

441 1085 715 1134 illuminant
741 1085 1021 1144 orationem,
1049 1089 1097 1133 et
1122 1084 1275 1134 variis
1299 1085 1565 1148 figurarum
1586 1083 1833 1133 coloribus
1858 1097 1934 1132 as-

443 1174 668 1232 pergunt,
705 1173 753 1217 et
791 1168 1080 1218 micantibus
1119 1167 1549 1217 selectissimarum
1587 1167 1936 1217 sententiarum

446 1251 706 1314 gemmulis
732 1253 985 1313 adornant,
1014 1257 1063 1301 et
1092 1251 1330 1301 iucundae
1365 1251 1650 1300 festivitatis
1686 1250 1935 1301 illecebris

442 1342 727 1401 temperant,
755 1335 963 1400 denique
982 1337 1200 1386 novitate
1215 1336 1433 1386 excitant
1444 1336 1668 1396 lectores,
1683 1334 1931 1384 brevitate

444 1420 701 1482 delectant,
729 1419 1025 1470 authoritate
1052 1420 1336 1484 pesuadent.
1366 1418 1466 1469 Sed
1491 1419 1585 1469 hoc
1615 1419 1687 1469 ita
1723 1420 1933 1469 futurum

442 1508 532 1564 est,
560 1504 616 1563 si,
644 1504 773 1568 quod
806 1504 1108 1553 Aristoteles
1136 1505 1196 1553 de
1234 1503 1523 1553 adhibendis
1561 1502 1792 1567 epithetis
1830 1502 1937 1552 dili-

442 1593 615 1650 genter
641 1588 900 1647 admonuit,
927 1588 977 1636 id
1002 1602 1092 1636 nos
1118 1588 1167 1636 in
1192 1588 1487 1650 usurpandis
1513 1586 1706 1650 adagiis
1733 1586 1935 1650 diligen-

444 1678 518 1720 ter
556 1672 995 1731 observaverimus,
1029 1687 1202 1736 nempe
1240 1676 1291 1721 ut
1328 1671 1428 1720 illis
1466 1675 1662 1721 utamur
1699 1685 1797 1719 non
1832 1674 1930 1719 tan.

442 1772 584 1819 quam
623 1756 872 1818 ἑδεσμασι,
911 1755 999 1804 sed
1023 1759 1256 1819 tanquam
1294 1753 1564 1819 ἠδυσμασι,
1602 1754 1695 1804 hoc
1719 1758 1808 1815 est,
1838 1770 1935 1804 non

440 1845 671 1902 tanquam
710 1838 845 1898 cibis,
897 1838 983 1887 sed
1022 1839 1154 1887 velut
1192 1838 1524 1898 condimentis,
1575 1838 1722 1902 idque
1747 1851 1844 1886 non
1869 1837 1932 1887 ad

443 1922 736 1982 satietatem,
764 1922 852 1971 sed
878 1922 941 1971 ad
966 1922 1194 1985 gratiam.
1234 1922 1302 1971 Vt
1339 1922 1465 1970 enim
1490 1921 1598 1982 mel,
1626 1921 1669 1970 si
1695 1925 1933 1994 gustetur,

441 2008 664 2066 delectat,
705 2007 747 2055 si
774 2007 969 2056 nimium
1010 2007 1304 2066 comedatur,
1341 2021 1516 2056 nocere
1544 2006 1696 2055 solet:
1723 2005 1795 2055 ita
1820 2005 1934 2055 den-

439 2092 560 2141 sitas
586 2092 943 2156 paraemiarum
970 2092 1136 2141 obstat
1148 2091 1369 2152 invicem,
1395 2105 1489 2154 quo
1504 2089 1663 2140 minus
1689 2089 1936 2139 eluceant:

438 2192 592 2239 eaque
619 2176 809 2225 ratione
834 2176 902 2236 fit,
945 2180 999 2225 ut
1025 2191 1134 2225 cum
1160 2180 1244 2225 aut
1268 2174 1534 2235 immodice,
1564 2179 1648 2224 aut
1672 2174 1935 2239 intempes-

439 2260 539 2308 tive
579 2259 882 2320 adhibentur,
921 2260 1133 2322 gratiam
1173 2259 1410 2308 amittant.
1452 2257 1633 2306 Danda
1668 2256 1821 2320 igitur
1858 2262 1935 2307 est

441 2359 604 2408 opera,
632 2348 686 2392 ut
710 2344 973 2405 paraemiis
999 2343 1288 2408 tempestive
1312 2347 1515 2401 utamur,
1555 2356 1646 2389 nec
1671 2340 1931 2404 quicquam

437 2428 518 2476 hic
543 2428 776 2475 affectare
803 2426 1236 2491 deprehendamur.
1277 2426 1347 2476 Vt
1383 2425 1508 2474 enim
1547 2439 1643 2474 non
1668 2424 1930 2474 mediocris

433 2511 624 2561 artificii
652 2517 728 2560 est
771 2496 1079 2564 Gemmulam
1106 2517 1189 2560 aut
1213 2509 1538 2560 Adamantem
1575 2509 1722 2574 palae
1759 2508 1924 2565 annuli

429 2595 706 2648 includere:
734 2595 803 2643 ita
840 2610 937 2644 non
960 2584 1141 2659 'exigui
1178 2594 1363 2658 ingenii
1405 2598 1480 2643 est
1517 2593 1816 2658 paraemiam
1843 2593 1923 2642 de-

433 2685 598 2729 center
620 2679 830 2729 orationi
854 2679 1089 2729 inserere.

524 2822 526 2826 .
578 2748 848 2824 Postrem0,
886 2769 939 2814 ut
963 2780 1057 2813 non
1084 2764 1149 2812 sit
1174 2764 1273 2812 alia
1304 2761 1676 2827 proverbiorum
1701 2760 1889 2810 utilitas
1916 2777 1927 2807 :

442 2852 574 2896 certe
601 2848 662 2896 ad
686 2852 818 2897 recte
842 2847 1187 2911 intelligendos
1213 2846 1422 2910 optimos
1448 2860 1668 2910 quosque
1694 2844 1927 2894 authores

442 2947 537 2980 non
566 2931 720 2981 solum
758 2935 962 2997 prosunt
1002 2931 1195 2996 adagia,
1235 2930 1324 2980 sed
1358 2929 1504 2979 etiam
1543 2928 1733 2980 omnino
1771 2926 1928 2991 requi-
