2112 3288
530 178 593 210 DE
619 175 846 210 ΒΕΒΝΝΘ.
876 175 986 208 nnc.
1024 175 1070 207 x.
1099 176 1143 207 L.
1174 177 1215 206 x.
1514 200 1523 204 ,
1555 161 1653 210 237
1708 213 1711 217 ,

153 292 553 359 prudentissimis
581 291 857 355 quibusque
883 306 942 338 ac
967 290 1087 338 iuris
1115 289 1299 353 publici
1325 290 1656 353 peritissimis,
1734 274 1737 277 ’

154 391 246 442 pro
272 376 514 440 dignitate
539 374 781 439 Princeps
807 374 1022 434 mandat,
1050 378 1102 421 ut
1116 373 1508 422 controversiam
1533 375 1659 422 tanti

151 460 380 512 momenti
405 458 624 508 adhibita
654 457 898 521 singulari
922 456 1182 520 diligentia
1208 472 1270 505 ex
1297 472 1454 520 aequo
1470 461 1520 505 et
1530 457 1659 505 bono

150 543 396 594 decidant.
426 543 545 594 Mox
558 541 822 606 Magistris
850 540 1228 601 ProtonotariiS,
1256 540 1472 590 Martino
1498 539 1662 589 Rado-
1714 559 1717 563 ·

150 628 341 690 vancio,
368 629 653 691 Ioanneque
668 626 894 687 Bors010,
911 641 1018 675 cum
1028 624 1293 674 ordinariis
1320 623 1664 674 assessoribus

149 711 374 776 legitima
398 711 590 762 ratione
614 711 664 759 in
682 710 862 760 iudicio
876 708 1294 774 praesidentibus,
1320 714 1531 773 utraque
1544 723 1663 772 pars

152 795 542 848 causamdicere
567 794 706 845 iussa
720 799 812 844 est.
840 792 1009 858 Siculi,
1035 794 1260 843 homines
1274 793 1505 858 imperiti,
1535 797 1659 841 rast-

153 880 224 930 ris
260 879 427 946 potius
467 878 767 940 tractandis,
809 894 954 943 quam
1005 878 1171 928 causis
1211 877 1432 928 dicendis
1483 876 1664 937 idonei,

150 965 275 1016 nihil
296 964 403 1014 fere
429 962 564 1013 aliud
585 964 766 1012 afferre
792 968 1069 1028 potuerunt,
1098 963 1228 1028 quod
1255 962 1319 1012 ad
1346 961 1663 1011 obtinendam

155 1048 406 1099 libertatis
431 1047 838 1113 praerogativam
864 1048 1067 1108 faceret,
1103 1063 1249 1110 quam
1276 1045 1406 1110 quod
1432 1046 1665 1097 mandato

155 1133 404 1198 Principis
421 1133 753 1197 sumpsissent
766 1148 918 1194 arma,
933 1132 1251 1196 eiusdemque
1266 1131 1433 1180 divina
1447 1131 1666 1181 liberali-

153 1223 257 1268 tate
282 1218 495 1267 fuissent
506 1202 750 1267 'amissam
764 1217 1046 1266 libertatem
1060 1231 1232 1266 rursus
1249 1216 1514 1266 consecuti.
1541 1217 1667 1266 Eam

157 1319 266 1353 cum
291 1307 341 1351 et
366 1301 608 1366 Princeps
647 1302 935 1350 solennibus
975 1300 1313 1350 instrumentis
1354 1301 1667 1360 confirmarit,

158 1392 207 1437 et
244 1386 342 1450 ipsi
368 1391 541 1436 contra
554 1386 811 1435 Barbaros
838 1386 888 1434 in
916 1386 1256 1451 Transalpina
1281 1385 1494 1434 fortibus
1519 1386 1666 1435 factis

156 1487 264 1522 cum
299 1475 521 1520 extremo
562 1469 741 1534 capitis
781 1470 920 1518 iuxta
968 1474 1117 1534 atque
1155 1470 1462 1519 fortunarum
1501 1469 1669 1519 discri-

156 1555 285 1619 mine
310 1554 682 1621 promeruerint,
723 1553 897 1618 aequis
939 1569 1066 1603 nunc
1093 1569 1287 1618 quoque
1326 1554 1539 1603 iudicum
1564 1569 1671 1603 sen-

155 1639 323 1689 tentiis
374 1644 533 1688 ratam
582 1637 759 1688 haberi
809 1654 1112 1703 magnopere
1169 1643 1326 1688 orant.
1379 1638 1671 1703 Responde-

156 1730 268 1774 runt
308 1723 373 1773 ad
415 1722 541 1772 haec
566 1722 785 1771 nobiles:
828 1722 990 1772 Invito
1021 1722 1254 1787 Principe
1294 1721 1489 1771 Siculos
1527 1722 1667 1772 initio

159 1823 352 1874 quoque
378 1806 521 1857 huius
560 1806 681 1855 belli
716 1823 855 1862 arma
882 1807 1171 1871 sumpsisse,
1198 1806 1485 1871 pariterque
1513 1806 1672 1856 reluc-

159 1892 285 1944 tanti
322 1890 640 1957 privilegium
667 1890 916 1940 libertatis
945 1890 1233 1941 extorsisse.
1286 1891 1501 1940 Proinde
1543 1892 1673 1955 quod

159 1983 290 2028 metu
327 1975 531 2026 maioris
569 1976 791 2040 periculi,
832 1976 1191 2039 formidineque
1226 1976 1460 2025 instantis
1487 1976 1536 2024 in
1565 1977 1671 2025 dies

126 2066 129 2069 ’
159 2079 269 2114 cum
298 2061 531 2112 universo
560 2058 795 2109 Caesaris
825 2060 1024 2110 Turcici
1059 2060 1278 2109 exercitu
1317 2058 1506 2122 Sinani,
1534 2066 1671 2110 cont-

161 2166 218 2198 ra
251 2151 342 2197 ·tot
386 2150 731 2209 tantorumque
783 2145 1023 2193 Divorum
1067 2144 1353 2209 Principum
1403 2145 1670 2209 privilegia

159 2230 439 2296 longissimi
477 2229 716 2294 temporis
754 2229 1150 2294 praescriptione
1178 2229 1480 2289 confirmata,
1519 2230 1669 2278 invic-

159 2316 381 2368 tissimus
407 2314 648 2379 Princeps
676 2315 978 2375 contulisset,
1018 2314 1068 2362 id
1094 2330 1404 2379 nequaquam
1427 2319 1587 2363 ratum
1613 2330 1671 2363 ac

160 2403 351 2453 firmum
377 2416 485 2450 cum
510 2400 773 2450 manifesto
802 2400 1079 2449 nobilitatis
1105 2399 1409 2464 praeiudicio
1450 2415 1562 2449 esse
1591 2399 1671 2448 dea

115 2508 121 2511 ’
160 2491 294 2548 bere,
327 2484 623 2551 praesertim
659 2500 768 2534 cum
794 2500 970 2534 novum
995 2484 1089 2532 hoc
1114 2489 1440 2549 recuperatae
1467 2484 1668 2533 liberta·

162 2571 227 2622 tis
253 2569 544 2620 beneficium
574 2568 772 2632 violatis
799 2569 906 2618 eius
935 2567 1298 2618 conditionibus
1324 2573 1477 2617 totum
1499 2566 1671 2616 amise-

161 2655 273 2705 rint.
314 2653 409 2703 His
437 2658 487 2702 et
512 2652 755 2701 similibus
783 2652 1068 2703 acutissime
1096 2669 1125 2701 a
1163 2657 1268 2701 tota
1307 2651 1565 2700 nobilitate
1592 2666 1672 2698 ex-

163 2738 410 2804 cogitatis,
451 2742 615 2801 atque
624 2738 849 2801 prolatis,
876 2742 1138 2802 postquam
1165 2753 1270 2786 rem
1295 2735 1417 2785 tanti
1444 2734 1673 2783 momenti

163 2823 427 2887 diligenter
464 2821 651 2871 iudices
690 2821 741 2869 in
778 2827 1035 2885 utramque
1075 2826 1266 2886 partem
1305 2820 1672 2882 disputassent:

163 2908 360 2957 tandem
400 2906 734 2956 communibus
784 2907 889 2955 fere
940 2906 1151 2955 omnium
1194 2903 1444 2966 suffragiis
1483 2903 1673 2951 conclu-

80 2998 89 3003 “
166 3007 274 3041 sum
290 2996 391 3041 est:
421 2989 629 3052 Siculos,
658 3006 765 3040 cum
792 2996 840 3040 et
854 2991 1118 3040 manifesta
1147 2988 1287 3052 quasi
1312 2988 1359 3035 vi
1386 2987 1671 3036 libertatem
