2112 3288
437 173 536 223 112
966 193 1031 226 10.
1060 194 1193 227 DEon
1219 197 1415 230 ssAnovn

860 389 1091 441 OAPVT
1126 392 1521 445 SECVNDVM.

673 520 750 569 De
781 521 1102 588 Tartarorum
1128 525 1325 589 origine,
1366 543 1425 574 ac
1452 528 1681 576 moribus.

580 638 680 688 Sed
705 645 965 704 antequam
990 642 1195 691 ulterius
1222 643 1272 691 in
1297 644 1390 692 hac
1415 644 1695 693 narratione
1721 659 1921 708 progre-

432 722 630 782 diamur,
658 723 789 772 haud
814 725 905 772 abs
929 740 983 772 re
1008 725 1238 774 fortassis
1262 727 1421 775 fuerit.
1461 742 1619 791 pauca
1658 727 1718 775 de
1746 727 1924 776 Tarta-

435 822 597 855 rorum
637 807 839 869 origine,
868 823 926 856 ac
959 808 1175 856 moribus
1215 809 1394 857 dicere.
1435 811 1678 858 Tartaros
1716 825 1778 858 ex
1805 808 1924 874 Scy-

428 890 532 939 thia
571 890 827 949 oriundos,
878 890 1007 938 haud
1046 890 1284 939 immerito
1328 892 1581 953 credimus,
1630 908 1692 940 ex
1730 892 1922 942 colonia

432 989 595 1022 earum
636 974 851 1037 gentium
888 978 1158 1037 prognatos
1197 988 1335 1034 esse,
1385 990 1507 1037 quas
1557 975 1684 1023 inter
1729 980 1919 1025 montes

430 1054 660 1121 Caspios,
711 1057 891 1120 duplici
930 1056 1171 1119 quondam
1207 1062 1351 1120 porta
1386 1057 1672 1107 Alexander
1709 1058 1922 1120 Magnus

431 1141 716 1189 occluserat.
745 1139 813 1187 Hi
834 1140 1049 1203 propriis
1091 1139 1289 1188 sedibus
1334 1141 1540 1203 egressi,
1583 1139 1923 1205 Georgianam

429 1222 681 1286 imprimiS,
708 1222 954 1270 montibus
984 1220 1183 1285 Caspiis
1209 1222 1473 1282 finitimam,
1501 1240 1614 1273 mox
1642 1210 1922 1275 Armeniam

426 1306 674 1354 Maiorem
688 1309 958 1364 vastarunt,
986 1310 1034 1353 et
1060 1305 1151 1353 sub
1179 1305 1346 1366 iugum
1369 1307 1616 1368 miserunt,
1644 1299 1827 1357 Persas
1852 1308 1928 1356 in-

430 1394 703 1450 cursarunt,
730 1393 779 1437 et
806 1388 978 1437 Asiam
1004 1390 1103 1437 late
1116 1390 1352 1454 populati,
1388 1391 1555 1439 varias
1582 1391 1812 1454 regiones
1833 1406 1921 1440 suo

427 1473 639 1537 Imperio
666 1472 991 1533 subiecerunt,
1043 1470 1180 1533 ade0‚
1230 1479 1283 1522 ut
1318 1473 1418 1521 iam
1453 1474 1640 1537 ingenti
1676 1475 1923 1524 hominum

428 1555 748 1617 multitudine,
776 1572 835 1604 ac
859 1555 1077 1604 inaudita
1102 1554 1420 1617 immanitate,
1444 1570 1540 1604 non
1553 1562 1738 1606 tantum
1752 1555 1920 1606 Chris-

425 1640 575 1689 tianis
603 1639 826 1688 omnibus
853 1636 1062 1702 populis,
1103 1639 1191 1687 sed
1215 1639 1339 1702 ipsis
1366 1639 1513 1688 etiam
1539 1639 1719 1689 Turcis
1743 1631 1921 1690 terrori

428 1723 718 1786 quandoque
745 1736 857 1770 esse
884 1722 1251 1773 consueverint..
1268 1722 1505 1771 Homines
1543 1729 1656 1772 sunt
1690 1725 1921 1784 infaust0,

426 1806 797 1868 truculentoque
824 1810 1040 1868 aspectU,
1069 1805 1280 1853 maxima
1306 1821 1367 1854 ex
1393 1811 1535 1869 parte
1562 1811 1753 1856 statura
1765 1808 1919 1870 brevi,

426 1889 710 1951 grandibus,
737 1888 978 1952 bonisque
1006 1888 1264 1952 capitibus,
1292 1890 1476 1938 crassis
1514 1890 1684 1951 oculis,
1723 1896 1772 1940 et
1797 1907 1918 1956 quos

426 1973 696 2037 palpebrae
711 1972 810 2021 late
827 1977 1162 2035 contegentes,
1174 1988 1356 2036 parvos
1366 1973 1641 2034 ostendunt,
1655 1974 1770 2023 item
1783 1990 1919 2037 naso,

425 2056 598 2115 fronte,
626 2055 865 2118 facieque,
892 2055 1010 2114 lata,
1051 2057 1325 2104 cervicibus
1364 2056 1543 2116 obesis,
1591 2057 1839 2106 imberbes
1865 2063 1918 2107 ut

426 2139 697 2202 plurimum,
737 2154 794 2187 ac
831 2139 958 2187 raris
995 2138 1045 2186 in
1085 2139 1339 2203 superiore
1364 2139 1519 2200 labro,
1547 2145 1595 2188 et
1620 2145 1781 2189 mento
1805 2141 1917 2189 bar-

426 2223 518 2281 bis,
547 2222 611 2269 ad
623 2221 901 2270 umbilicum
940 2221 1154 2283 angusti,
1194 2222 1283 2269 sed
1320 2221 1559 2270 lateribus
1585 2222 1715 2282 latis,
1755 2223 1918 2286 capita

425 2321 487 2354 ex
499 2310 801 2365 transversO,
817 2304 879 2353 ad
892 2309 1062 2353 nostra
1074 2318 1228 2367 usque
1236 2310 1460 2368 tempora
1472 2305 1702 2354 radentes
1711 2310 1911 2369 praeter

426 2389 673 2449 verticem,
699 2389 971 2450 longosque
1010 2388 1214 2451 capillos
1254 2388 1317 2436 ad
1356 2397 1520 2436 aurem
1560 2402 1715 2451 usque
1751 2387 1918 2436 demit-

426 2477 601 2534 tentes,
626 2473 827 2535 insuper
854 2486 1023 2519 crasso
1051 2471 1257 2533 quidem,
1284 2471 1373 2519 sed
1385 2475 1548 2519 tamen
1562 2471 1684 2533 agili
1699 2486 1916 2535 corpore,

426 2556 756 2618 brevibusque
780 2554 928 2614 tibiis,
956 2569 1015 2601 ac
1041 2553 1276 2617 cruribus,
1305 2569 1335 2601 a
1360 2553 1525 2616 pueris
1558 2553 1801 2617 equitare,
1838 2568 1916 2602 sa-

430 2639 708 2703 gittareque
748 2637 889 2697 docti,
940 2653 1183 2699 nunquam
1231 2637 1335 2684 fere
1367 2636 1574 2700 pedibus
1611 2637 1913 2699 gradiuntur.

428 2723 557 2771 Dum
581 2722 675 2769 iter
699 2721 896 2780 faciunt,
936 2720 1079 2768 etiam
1117 2721 1273 2768 bobus
1313 2720 1545 2782 equitant,
1585 2719 1916 2769 Hamaxobio-

433 2820 634 2868 rumque
661 2819 793 2851 more
817 2819 906 2867 pro
935 2803 1154 2850 domibus
1182 2817 1351 2850 currus
1376 2803 1591 2866 pellibus
1618 2807 1816 2866 opertos
1829 2803 1913 2850 ha-

427 2888 556 2947 bent,
604 2902 847 2949 nunquam
884 2887 986 2934 fere
1025 2885 1268 2948 gradatim
1305 2886 1543 2946 incedunt,
1584 2886 1671 2934 sed
1710 2890 1793 2934 aut
1819 2890 1913 2933 tar-

429 2971 643 3031 dissime,
695 2975 778 3018 aut
814 2968 1209 3033 praecipitanter,
1262 2969 1483 3016 oratione
1521 2974 1711 3017 utentes
1745 2966 1915 3017 tumul-
