2112 3288
409 187 511 238 290
889 248 893 252 ι
947 203 1010 238 10.
1036 205 1168 238 nucu
1196 202 1392 239 BARovn

407 323 566 368 autem
580 320 901 384 Imperatoris
917 318 1181 368 Ohausium
1209 320 1352 369 velim
1379 336 1441 368 ne
1469 320 1646 369 diutius
1662 320 1897 381 detineas,

408 401 498 450 sed
519 402 677 466 prima
704 418 897 467 quaque
924 403 1182 451 occasione
1209 418 1317 452 cum
1343 402 1503 467 plenis
1530 403 1785 467 responsis
1800 402 1895 452 sal-

407 500 519 535 uum
545 486 608 535 ad
631 486 1014 543 nosremittatis.
1042 487 1123 535 Me
1150 487 1342 550 quidem
1363 485 1711 539 invictissimus
1733 490 1902 535 noster

405 568 680 633 Imperator
705 570 839 619 bello
867 570 1106 619 adversus
1121 569 1498 634 Transylvanos
1526 562 1742 632 gerendo
1756 583 1897 633 prae-

404 650 534 712 fecit,
572 657 620 700 et
646 652 801 716 copiis
839 652 957 700 mihi
989 652 1260 701 commissis
1288 651 1526 714 Belgradi
1551 667 1628 700 me
1654 651 1900 700 volentem

404 733 675 783 subsistere
699 735 857 784 iussit.
908 734 1097 795 Quodsi
1134 740 1233 783 tam
1270 734 1491 798 paternis
1519 732 1754 787 Caesaris
1794 748 1894 791 mo-

406 816 522 866 nitis
547 810 704 867 locum
730 834 827 868 non
853 818 1070 879 dederis,
1113 823 1244 867 certo
1273 809 1417 879 scias,
1445 818 1604 880 velim,
1632 816 1901 887 Gaesarem

408 899 564 964 primo
605 901 770 949 statim
820 916 950 962 vere,
997 900 1200 950 simulac
1225 900 1394 964 pabuli
1428 901 1570 965 copia
1607 898 1900 964 permiserit,

407 997 513 1032 cum
550 984 793 1032 universis
832 984 933 1033 suis
973 984 1127 1047 copiis
1166 983 1523 1047 expeditionem
1559 984 1609 1031 in
1647 980 1895 1046 Transyl-

404 1079 560 1114 vanos
599 1072 935 1130 suscepturum
974 1081 1100 1115 esse.
1155 1065 1468 1129 Quapropter
1521 1066 1710 1128 cogites
1736 1070 1895 1114 tecum

403 1147 562 1209 velim,
600 1155 649 1198 et
687 1149 948 1212 diligenter
984 1148 1250 1213 expendaS,
1287 1165 1346 1197 ea
1373 1146 1640 1197 Caesarem
1677 1152 1897 1197 nostrum

402 1231 621 1293 potentia
670 1247 807 1292 esse,
858 1237 911 1281 ut
964 1247 1251 1295 quocunque
1302 1236 1464 1280 tantus
1514 1230 1779 1279 monarcha
1822 1244 1896 1278 ar-

404 1328 482 1362 ma
507 1313 866 1375 circumtulerit,
907 1330 1214 1378 nequaquam
1238 1313 1340 1362 illic
1365 1313 1580 1378 lapidem
1606 1328 1754 1377 super
1778 1312 1901 1377 lapi-.

406 1396 515 1445 dem
539 1412 735 1446 manere
761 1412 935 1462 posse:
970 1402 1156 1446 tantum
1183 1397 1327 1445 abest
1352 1400 1404 1445 ut
1429 1397 1572 1463 unica
1598 1395 1901 1460 provinciola

404 1479 635 1543 impetum
675 1480 780 1529 eius
823 1481 1064 1530 sustinere
1106 1485 1265 1544 queat.
1320 1479 1545 1543 Denique
1584 1480 1717 1529 diras
1754 1480 1900 1530 velim

406 1562 617 1611 miserae
643 1563 818 1627 plebiS,
849 1579 974 1627 quae
999 1565 1097 1613 iam
1123 1569 1222 1612 tam
1248 1563 1471 1611 diuturno
1499 1563 1630 1611 bello
1657 1563 1904 1615 exhausta,
1963 1572 1967 1575 ’

408 1649 485 1693 est
508 1645 717 1709 penitUS,
753 1651 801 1695 et
821 1647 1129 1709 quotidianas
1157 1645 1495 1695 execrationes
1525 1650 1699 1710 sponte
1724 1645 1815 1695 tibi
1839 1660 1900 1694 ne

407 1729 643 1777 attrahas.
671 1730 910 1792 Equidem
936 1745 1027 1778 nec
1053 1729 1323 1793 pecuniam,
1350 1744 1440 1777 nec
1465 1743 1635 1777 munus
1662 1733 1794 1777 tuum
1808 1729 1901 1777 hoc

405 1811 576 1861 labore
602 1825 781 1874 venor,·
805 1812 893 1861 sed
936 1818 1137 1876 propter
1178 1812 1330 1860 solius
1358 1811 1593 1859 duntaxat
1630 1811 1781 1858 divini
1817 1825 1899 1859 no·
1944 1859 1945 1862 ,

406 1894 551 1943 minis
588 1895 819 1957 gloriam,
859 1900 908 1943 et
948 1895 1248 1957 singularem
1285 1893 1504 1957 parentis
1542 1892 1637 1941 mei
1664 1908 1785 1956 erga
1810 1907 1898 1941 vos

406 1978 799 2027 benevolentiam
825 1983 1043 2026 amanter
1068 1982 1115 2026 te
1142 1976 1372 2026 monitum
1411 1976 1471 2024 de
1508 1976 1586 2024 his
1611 1976 1897 2024 instructum

407 2075 518 2109 esse
546 2060 695 2109 volui.
738 2060 921 2109 Datum
957 2059 1052 2108 hoc
1089 2059 1179 2108 fuit
1205 2058 1440 2121 Belgradi
1466 2059 1610 2107 XIII.
1660 2057 1897 2108 februarii

405 2140 722 2193 MDXOVII.

1014 2315 1297 2322 ffl—

848 2469 1077 2521 OAPVT
1118 2469 1452 2534 TERTWM.

408 2592 486 2641 De
511 2591 723 2650 Martino
760 2590 972 2638 Liberam
1011 2588 1078 2636 ad
1108 2587 1365 2637 Caesarem
1397 2589 1689 2649 Turcamm,
1720 2595 1771 2635 et
1810 2586 1894 2636 Al-

463 2675 655 2740 phonso·
672 2672 854 2721 Iesuita
890 2671 957 2719 ad
979 2670 1283 2734 Rzodolphum
1314 2667 1656 2734 Imperatorem
1681 2670 1832 2718 misso.

520 2824 522 2827 ¹
548 2804 732 2854 Literis
757 2801 990 2866 perlectis
1017 2805 1255 2849 convocat
1280 2800 1412 2850 illico
1438 2801 1676 2864 Princeps
1706 2798 1886 2848 Albam

409 2903 576 2938 omnes
593 2886 806 2936 Ordines
832 2882 1127 2948 provinciae,
1155 2887 1203 2931 et
1229 2883 1406 2931 ceteris
1421 2883 1569 2931 rebus
1588 2882 1651 2930 ad
1664 2880 1890 2931 tuendam

409 2972 655 3035 publicam
679 2983 851 3033 pacem
878 2982 936 3017 ac
961 2965 1337 3014 incolumitatem
1363 2966 1454 3014 rite
1482 2964 1747 3029 dispositis,
1775 2978 1890 3013 nun-
