2112 3288
438 187 540 237 254
975 208 1038 242 10.
1066 209 1197 242 onon
1221 186 1417 246 BfARoVII

436 325 538 381 tur,
577 327 720 372 noctu
769 329 1136 388 comparantur3
1187 328 1395 390 plurima
1450 342 1571 375 vasa
1622 326 1733 376 vino
1778 328 1931 379 effuso

437 411 758 468 evacuantur,
798 412 1025 472 terraque
1063 402 1302 474 repleta,¹⁴
1326 412 1388 460 ad
1426 411 1712 460 sarciendas
1763 408 1955 460 ruinas

435 489 771 541 advoluuntur.
810 491 890 541 Ad
916 486 1039 542 haec
1071 495 1280 544 tumulus
1306 495 1633 560 praegrandis
1674 493 1924 557 congestis

434 574 704 637 aggeribus
732 576 988 637 excitatus,
1020 593 1077 626 ac
1101 580 1354 628 tormentis
1380 580 1495 627 illuc
1521 578 1747 627 attractis
1774 576 1921 629 hosti-

434 659 508 708 les
536 665 741 709 conatus
767 662 1039 723 eluduntur,
1080 662 1260 713 multae
1297 670 1560 728 praeustae
1588 662 1748 725 sudes,
1789 679 1922 726 mag·
1954 706 1956 708 μ
2001 717 2004 720 ,

435 756 526 793 nus
552 744 769 808 lapidum
809 737 1014 795 acervus
1057 753 1378 811 comparatur,
1416 748 1585 796 ruinae
1611 746 1929 811 complentur,

437 833 486 876 et
510 828 877 892 quibuscunque
903 831 1059 880 modis
1095 831 1202 880 fieri
1228 847 1377 896 posse
1415 832 1666 890 iudicatur,
1717 830 1931 883 hostium

431 911 784 976 irruptionibus
811 914 1005 963 obviam
1032 915 1142 977 itur,
1171 921 1283 965 tunc
1309 916 1476 965 Duces
1503 916 1777 979 Legatique
1805 914 1947 967 Tur-A

435 1012 615 1056 carum,
657 997 738 1060 qui
775 997 986 1061 aliquem
1026 999 1266 1048 sermonis
1291 1000 1458 1047 nostri·
1482 1013 1622 1048 usum
1657 998 1924 1047 habebant,

434 1081 629 1129 sublata
655 1097 775 1130 voce
796 1074 865 1130 vad
892 1082 1184 1131 deditionem
1211 1084 1446 1131 obsessos
1470 1083 1741 1144 hortantur,
1777 1097 1921 1147 para-

435 1170 513 1214 tos
541 1180 595 1214 se
623 1165 826 1214 eandem
854 1165 1107 1215 lenitatem
1132 1166 1182 1215 in
1208 1166 1443 1230 Vngaros
1482 1170 1754 1231 praestare,
1782 1180 1927 1229 quam

430 1248 527 1312 ipsi
566 1263 688 1311 erga
726 1248 974 1298 dedititios
1002 1249 1301 1300 Osmanidas
1339 1250 1721 1315 praestitissent,
1759 1237 1929 1299 licere-

434 1347 527 1396 que
553 1332 652 1381 illis
678 1332 1004 1383 incolumibus
1029 1351 1118 1399 per
1146 1350 1200 1384 se
1225 1335 1339 1384 inde
1366 1333 1630 1396 discedere,
1656 1334 1767 1383 etin
1782 1347 1928 1398 quas-

434 1433 622 1482 cunque
649 1423 819 1482 partes
858 1419 1023 1478 velint,
1069 1419 1174 1469 sine
1213 1425 1342 1469 metu
1377 1419 1635 1484 proficisci.
1662 1419 1799 1468 Idem
1825 1423 1927 1468 ten-

430 1506 536 1549 tant
573 1502 731 1552 literis
783 1503 931 1553 etiam
968 1519 1057 1567 per
1094 1504 1255 1553 iacula
1292 1504 1551 1564 immissiS,
1602 1502 1928 1566 omnibusque

429 1585 585 1634 modis
613 1601 673 1635 ac
697 1586 950 1636 blanditiis
971 1588 1021 1636 in
1047 1587 1097 1636 id
1121 1588 1416 1649 incumbunt,
1457 1604 1550 1651 quo
1591 1602 1676 1636 eos
1702 1586 1766 1636 ad
1792 1584 1928 1635 dedi-

430 1669 610 1718 tionem
636 1670 888 1735 impellere
914 1672 1120 1736 possint.
1162 1671 1446 1721 Obaudiunt
1481 1672 1606 1720 haec
1630 1671 1925 1736 Lippenses,

432 1757 480 1801 et
518 1754 632 1817 quia
657 1760 972 1819 praeceptum
1011 1772 1041 1804 a
1068 1754 1288 1819 Georgio
1326 1757 1501 1816 fuerat,
1541 1771 1602 1804 ne
1640 1740 1749 1819 quis
1794 1754 1929 1818 quid-

431 1852 575 1900 quam
599 1839 935 1903 responderet,
962 1840 1356 1896 tacitisauribus
1382 1838 1696 1902 praeteriunt.
1723 1837 1803 1887 Ab
1829 1853 1920 1902 spe

428 1921 617 1985 repulsi
646 1921 855 1983 Turcae,
901 1923 963 1971 ad
989 1928 1211 1988 coeptam
1238 1922 1573 1972 crudelitatem
1610 1921 1828 1983 redeunt,
1853 1922 1924 1970 in·
1968 1921 1974 1926 '

434 2006 694 2070 censisque
734 2007 1048 2057 circumcirca
1087 2008 1337 2069 omnibuS,
1380 2022 1503 2071 quae
1542 2006 1731 2055 absumi
1767 2019 1917 2070 posse

436 2089 741 2153 videbantur,
768 2091 890 2140 nihil
916 2108 1081 2142 eorum
1109 2093 1343 2152 omittunt,
1387 2107 1511 2156 quac
1537 2091 1617 2140 vel
1643 2090 1706 2139 ad
1732 2088 1922 2154 capien-

437 2174 546 2223 dam
571 2176 753 2237 urbcm,
793 2176 873 2225 vel
914 2177 976 2226 ad
1013 2177 1270 2226 terrendos
1299 2177 1614 2226 obsessorum
1641 2174 1829 2225 animos
1854 2173 1927 2222 fa-

430 2272 542 2308 cere
566 2258 925 2310 iudicabantur.
1370 2264 1373 2267 ’

801 2562 804 2565 ,
851 2521 1084 2574 GAPVT
1122 2523 1248 2573 SEP
1257 2523 1500 2573 TIMVM.

432 2646 508 2694 De
524 2646 684 2711 pulsis
723 2645 782 2694 ab
821 2645 1058 2694 obsidione
1082 2646 1314 2709 Lippensz'
1343 2644 1513 2693 Turcis
1540 2653 1678 2708 atque
1712 2642 1930 2693 Tartar-is

464 2745 555 2794 per
593 2728 948 2793 Transylvcmos
983 2728 1029 2776 T
1025 2732 1361 2792 o'm'o'svaroque
1399 2728 1458 2776 ab
1495 2726 1664 2776 iisdem
1700 2726 1890 2775 obsesso.

573 2849 813 2914 Princeps
840 2850 1055 2914 acceptis
1082 2846 1348 2910 aGreorgio
1374 2848 1546 2908 literis,
1576 2847 1814 2909 simulque
1843 2862 1927 2895 va-

432 2934 519 2982 riis
555 2934 799 2983 hominum
841 2934 1027 2983 nunciis
1066 2933 1124 2981 de
1162 2932 1564 2997 praesentissimo
1603 2930 1918 2996 Lippensium

433 3018 650 3082 periculo
678 3019 888 3078 edoctus
921 3010 1085 3068 statim
1123 3017 1366 3069 Proceres
1393 3032 1559 3070 omnes
1586 3032 1691 3066 cum
1716 3020 1818 3067 tota
1844 3030 1928 3065 no-
