2112 3288
456 196 491 243 4
982 211 1044 244 10.
1072 211 1205 244 onon
1231 211 1429 245 nvnovn

456 325 638 375 illustri
654 327 876 390 quodam,
904 342 1193 390 semperque
1210 328 1441 376 duraturo
1469 333 1777 377 monumento
1793 333 1949 378 aeter-

457 409 600 457 nitati
626 415 998 471 consecrarent,
1025 410 1229 473 proinde
1257 410 1608 482 sapientissimi
1633 410 1733 471 illi,
1773 425 1832 459 ac
1857 408 1948 460 Ge-

464 493 714 542 leberrimi
740 493 1025 558 PrincipeS,
1053 494 1280 543 solebant
1312 494 1425 543 olim
1453 494 1803 543 consuetudine
1834 508 1951 543 nun-

457 592 599 640 quam
639 578 763 627 satis
802 577 1026 639 laudata,
1065 593 1162 626 non
1199 593 1370 639 unum,
1411 583 1558 642 atque
1596 577 1828 639 alterum,
1861 577 1950 627 sed

456 663 733 726 complures
762 662 894 711 viros
934 661 1151 711 eruditos
1180 677 1345 711 secum
1378 663 1589 723 habere,
1628 660 1948 727 honestisque
1976 722 1979 724 μ

454 745 716 808 stipendiis
743 747 890 806 alere,
905 751 958 794 ut
985 762 1054 807 ea,
1085 762 1211 809 quae
1238 746 1495 811 praeclare
1521 763 1552 795 a
1578 746 1680 795 suis
1708 745 1956 810 Principi-

453 829 545 877 bus
572 829 669 892 ipsi
695 829 923 877 viderunt
947 829 1069 890 geri,
1095 829 1146 877 in
1172 829 1462 879 adversaria
1496 830 1778 890 confestim,
1804 829 1947 878 tabu-

453 913 628 977 lasque
656 918 831 977 postea
856 913 1081 977 publicas
1109 914 1238 962 bona
1263 913 1358 962 fide
1384 914 1641 973 referrent,
1670 928 1797 977 quae
1837 926 1944 962 cum

453 1011 606 1060 saepe
644 1013 831 1046 mecum
869 997 1159 1060 cogitarem,
1212 1002 1260 1046 et
1299 1012 1531 1046 summam
1569 997 1690 1046 belli
1727 995 1945 1045 Sinanici

451 1080 673 1130 historiis
700 1081 884 1130 nostris
912 1081 1181 1143 Vngaricis
1210 1085 1430 1130 attexere
1457 1096 1678 1141 conarer,
1706 1080 1800 1140 diu,
1826 1079 1945 1128 mul-

450 1168 649 1227 tumque
686 1179 874 1212 mecum
913 1164 1247 1223 consideravi,
1286 1178 1548 1227 possemne
1586 1168 1714 1224 tut0,
1754 1178 1812 1211 ac
1837 1177 1945 1211 cum

450 1248 581 1296 bona
608 1252 721 1295 tuae
749 1245 1044 1295 Serenitatis
1084 1246 1250 1308 gratia
1275 1246 1496 1294 laborem
1521 1245 1649 1294 hunc
1673 1244 1940 1309 suscipere.

449 1330 573 1379 Mihi
600 1331 727 1379 enim
766 1330 963 1379 tametsi
1001 1330 1227 1378 literatas
1265 1329 1541 1378 huiusmodi
1576 1328 1943 1378 lucubrationes

447 1414 672 1477 plerique
712 1413 989 1462 mortalium
1027 1418 1361 1470 contemnant,
1401 1418 1564 1461 tamen
1589 1412 1828 1477 imprimis
1853 1420 1943 1462 ‘'ar-

450 1496 619 1559 duum,
658 1497 1088 1561 periculosumque
1127 1497 1342 1558 videtur,
1381 1511 1462 1545 res
1491 1501 1663 1560 gestas
1702 1496 1939 1545 scribere,

448 1579 666 1629 Primum
693 1580 822 1645 quod
847 1581 979 1628 facta
1007 1580 1150 1628 dictis
1177 1580 1500 1643 exaequanda
1527 1585 1652 1639 sunt,
1681 1576 1942 1644 quodcum

447 1664 593 1713 laude
619 1670 891 1729 praestare,
919 1680 1016 1712 non
1041 1664 1263 1726 vulgaris
1291 1679 1485 1727 semper
1510 1663 1696 1727 ingenii
1720 1663 1942 1712 habitum

449 1754 538 1797 est.
567 1749 759 1797 Deinde
788 1748 903 1811 quia
927 1747 1165 1811 plerique,
1194 1763 1319 1810 quae
1341 1748 1520 1796 delicta
1546 1746 1940 1811 reprehenderis,

447 1831 809 1891 malevolentia,
838 1838 888 1881 et
911 1832 1098 1880 invidia
1125 1831 1257 1880 dicta
1282 1820 1486 1895 putant:
1512 1831 1597 1880 ubi
1622 1830 1828 1880 virtutes
1855 1828 1941 1878 ali-

448 1931 653 1978 quorum
690 1915 1000 1976 laudaveris,
1038 1915 1379 1975 velificationi,
1419 1919 1468 1963 et
1494 1913 1823 1962 assentationi
1859 1913 1942 1962 tri-

446 1998 600 2048 buunt
626 2017 636 2047 :
659 2000 723 2047 ad
748 1999 872 2047 haec
897 1998 948 2046 in
976 2003 1074 2046 tam
1100 1998 1328 2058 mirabili,
1355 1998 1620 2050 invidiosa,
1649 1996 1939 2059 tragicaque

444 2083 667 2143 materia,
694 2083 855 2146 qualis
882 2083 1006 2131 haec
1031 2082 1136 2130 fuit.
1160 2082 1408 2130 Maximae
1430 2076 1937 2139 autem'difficultatiS,

445 2165 739 2228 maximique
764 2165 929 2215 iudicii
957 2170 1046 2225 est,
1074 2166 1144 2214 ita
1170 2165 1426 2213 historiam
1453 2170 1744 2224 contexere,
1769 2169 1823 2212 ut
1847 2178 1938 2211 nec

444 2254 612 2311 partes
638 2250 778 2313 ipsae
804 2250 1133 2309 offendantur,
1170 2254 1219 2297 et
1255 2249 1366 2313 ipsa
1392 2253 1712 2298 sacrosancta
1750 2247 1936 2296 veritas

444 2332 681 2381 inviolata
707 2334 988 2396 posteritati
1013 2332 1250 2382 tradatur.
1280 2331 1470 2391 Quibus
1486 2330 1708 2390 accessit,
1740 2335 1788 2378 et
1811 2330 1936 2378 haec

444 2415 840 2476 incommoditas,
881 2417 962 2464 vel
988 2415 1275 2479 praecipua,
1305 2415 1433 2478 quod
1464 2429 1557 2476 ego
1582 2411 1756 2477 procul
1782 2428 1812 2460 a
1838 2411 1934 2460 Re-

442 2500 556 2564 pub.
582 2499 863 2565 nemoribus
891 2501 1143 2547 Musarum
1170 2498 1380 2558 abditus,
1410 2502 1458 2546 et
1483 2512 1581 2546 non
1601 2496 1797 2560 exiguis
1822 2509 1933 2559 pro-

444 2582 782 2648 pagandarum
809 2583 872 2631 ad
899 2597 1050 2631 seros·
1067 2587 1272 2646 nepotes
1299 2581 1576 2628 liberalium
1598 2581 1774 2628 artium
1798 2579 1933 2627 labo-

443 2667 579 2715 ribus
609 2671 888 2731 occupatus,
918 2667 1010 2726 vix,
1039 2681 1097 2714 ac
1122 2681 1183 2713 ne
1210 2665 1294 2713 vix
1320 2664 1512 2727 quidem
1527 2661 1780 2727 potuerim,
1808 2661 1933 2710 citra

444 2748 679 2810 defectus,
705 2750 865 2814 ipsam
890 2765 1075 2805 rerum,
1116 2753 1260 2812 prout
1284 2752 1458 2810 gestae
1487 2751 1624 2806 sunt,
1664 2745 1840 2794 seriem
1867 2744 1931 2792 ab

442 2822 719 2882 hominibus
737 2833 1025 2896 quibusdam
1049 2832 1278 2896 politicis,
1311 2831 1391 2893 qui
1406 2830 1523 2877 mihi
1548 2830 1643 2878 hac
1667 2830 1717 2877 in
1743 2843 1796 2876 re
1823 2827 1932 2876 usui

441 2917 675 2975 fuissent,
714 2917 806 2965 rite
838 2930 1151 2979 cognoscere.
1194 2914 1437 2977 Imprimis
1478 2929 1597 2962 vero
1623 2913 1856 2960 maiorem
1881 2910 1931 2957 in

443 3000 633 3049 modum
662 3001 1025 3049 extimescenda
1051 3000 1167 3047 mibi
1205 3000 1296 3046 fuit
1333 2998 1607 3059 indignatio
1637 3002 1748 3045 tuae
1788 2993 1928 3043 Sere-
