<?xml version="1.0" encoding="UTF-8"?>
<!DOCTYPE html PUBLIC "-//W3C//DTD XHTML 1.0 Transitional//EN"
    "http://www.w3.org/TR/xhtml1/DTD/xhtml1-transitional.dtd">
<html xmlns="http://www.w3.org/1999/xhtml" xml:lang="en" lang="en">
 <head>
  <title>
</title>
<meta http-equiv="Content-Type" content="text/html;charset=utf-8" />
  <meta name='ocr-system' content='tesseract 3.04.00' />
  <meta name='ocr-capabilities' content='ocr_page ocr_carea ocr_par ocr_line ocrx_word'/>
</head>
<body>
  <div class='ocr_page' id='page_1' title='image "./baronyaidecsij00deciuoft_0162.png"; bbox 0 0 2112 3288; ppageno 0'>
   <div class='ocr_carea' id='block_1_1' title="bbox 442 163 1408 216">
    <p class='ocr_par' dir='ltr' id='par_1_1' title="bbox 442 163 1408 216">
     <span class='ocr_line' id='line_1_1' title="bbox 442 163 1408 216; baseline 0.007 -9"><span class='ocrx_word' id='word_1_1' title='bbox 442 163 508 214; x_wconf 83' lang='lat'><strong>78</strong></span> <span class='ocrx_word' id='word_1_2' title='bbox 962 179 1027 213; x_wconf 91' lang='lat'><strong>10.</strong></span> <span class='ocrx_word' id='word_1_3' title='bbox 1052 179 1186 214; x_wconf 69' lang='lat' dir='ltr'><strong>Dsson</strong></span> <span class='ocrx_word' id='word_1_4' title='bbox 1210 180 1408 216; x_wconf 72' lang='lat' dir='ltr'><strong>BARovn</strong></span> 
     </span>
    </p>
   </div>
   <div class='ocr_carea' id='block_1_2' title="bbox 440 294 1937 610">
    <p class='ocr_par' dir='ltr' id='par_1_2' title="bbox 440 294 1937 610">
     <span class='ocr_line' id='line_1_2' title="bbox 441 294 1926 362; baseline 0.003 -20"><span class='ocrx_word' id='word_1_5' title='bbox 441 295 504 342; x_wconf 88' lang='lat' dir='ltr'><strong>ab</strong></span> <span class='ocrx_word' id='word_1_6' title='bbox 531 294 863 358; x_wconf 85' lang='lat' dir='ltr'><strong>oppugnanda</strong></span> <span class='ocrx_word' id='word_1_7' title='bbox 888 296 1023 355; x_wconf 88' lang='lat' dir='ltr'><strong>urbe,</strong></span> <span class='ocrx_word' id='word_1_8' title='bbox 1066 300 1113 344; x_wconf 89' lang='lat' dir='ltr'><strong>et</strong></span> <span class='ocrx_word' id='word_1_9' title='bbox 1137 300 1357 360; x_wconf 87' lang='lat' dir='ltr'><strong>tempore</strong></span> <span class='ocrx_word' id='word_1_10' title='bbox 1384 297 1507 361; x_wconf 88' lang='lat' dir='ltr'><strong>ips0,</strong></span> <span class='ocrx_word' id='word_1_11' title='bbox 1549 299 1676 362; x_wconf 88' lang='lat' dir='ltr'><strong>quod</strong></span> <span class='ocrx_word' id='word_1_12' title='bbox 1714 299 1814 346; x_wconf 89' lang='lat' dir='ltr'><strong>iam</strong></span> <span class='ocrx_word' id='word_1_13' title='bbox 1839 297 1926 362; x_wconf 85' lang='lat' dir='ltr'><strong>hy-</strong></span> 
     </span>
     <span class='ocr_line' id='line_1_3' title="bbox 442 378 1937 443; baseline 0.003 -18"><span class='ocrx_word' id='word_1_14' title='bbox 442 392 597 426; x_wconf 92' lang='lat' dir='ltr'><strong>emem</strong></span> <span class='ocrx_word' id='word_1_15' title='bbox 623 378 851 438; x_wconf 79' lang='lat' dir='ltr'><strong>referret,</strong></span> <span class='ocrx_word' id='word_1_16' title='bbox 881 384 930 427; x_wconf 91' lang='lat' dir='ltr'><strong>et</strong></span> <span class='ocrx_word' id='word_1_17' title='bbox 965 394 1022 427; x_wconf 89' lang='lat' dir='ltr'><strong>eo</strong></span> <span class='ocrx_word' id='word_1_18' title='bbox 1073 380 1297 440; x_wconf 82' lang='lat' dir='ltr'><strong>maxime,</strong></span> <span class='ocrx_word' id='word_1_19' title='bbox 1340 382 1467 443; x_wconf 88' lang='lat' dir='ltr'><strong>quod</strong></span> <span class='ocrx_word' id='word_1_20' title='bbox 1506 383 1763 431; x_wconf 86' lang='lat' dir='ltr'><strong>tormentis</strong></span> <span class='ocrx_word' id='word_1_21' title='bbox 1802 396 1937 430; x_wconf 86' lang='lat' dir='ltr'><strong>care-</strong></span> 
     </span>
     <span class='ocr_line' id='line_1_4' title="bbox 440 461 1937 523; baseline 0.002 -14"><span class='ocrx_word' id='word_1_22' title='bbox 440 466 564 519; x_wconf 86' lang='lat' dir='ltr'><strong>rent,</strong></span> <span class='ocrx_word' id='word_1_23' title='bbox 630 461 975 511; x_wconf 86' lang='lat' dir='ltr'><strong>abstinendum</strong></span> <span class='ocrx_word' id='word_1_24' title='bbox 1041 462 1136 511; x_wconf 87' lang='lat' dir='ltr'><strong>sibi</strong></span> <span class='ocrx_word' id='word_1_25' title='bbox 1189 463 1434 523; x_wconf 90' lang='lat' dir='ltr'><strong>viderent,</strong></span> <span class='ocrx_word' id='word_1_26' title='bbox 1507 480 1749 514; x_wconf 87' lang='lat' dir='ltr'><strong>converso</strong></span> <span class='ocrx_word' id='word_1_27' title='bbox 1800 469 1937 513; x_wconf 77' lang='lat' dir='ltr'><strong>retro</strong></span> 
     </span>
     <span class='ocr_line' id='line_1_5' title="bbox 442 544 1417 610; baseline 0.001 -18"><span class='ocrx_word' id='word_1_28' title='bbox 442 544 636 607; x_wconf 84' lang='lat' dir='ltr'><strong>agmine</strong></span> <span class='ocrx_word' id='word_1_29' title='bbox 663 545 854 594; x_wconf 89' lang='lat' dir='ltr'><strong>domum</strong></span> <span class='ocrx_word' id='word_1_30' title='bbox 881 545 1043 595; x_wconf 88' lang='lat' dir='ltr'><strong>redire</strong></span> <span class='ocrx_word' id='word_1_31' title='bbox 1070 544 1417 610; x_wconf 84' lang='lat' dir='ltr'><strong>properabant.</strong></span> 
     </span>
    </p>
   </div>
   <div class='ocr_carea' id='block_1_3' title="bbox 1051 707 1332 714">
    <p class='ocr_par' dir='ltr' id='par_1_3' title="bbox 1051 707 1332 714">
     <span class='ocr_line' id='line_1_6' title="bbox 1051 707 1332 714; baseline 0 2574"><span class='ocrx_word' id='word_1_32' title='bbox 1051 707 1332 714; x_wconf 95' lang='lat' dir='ltr'><strong> </strong></span> 
     </span>
    </p>
   </div>
   <div class='ocr_carea' id='block_1_4' title="bbox 922 863 1460 915">
    <p class='ocr_par' dir='ltr' id='par_1_4' title="bbox 922 863 1460 915">
     <span class='ocr_line' id='line_1_7' title="bbox 922 863 1460 915; baseline 0 -2"><span class='ocrx_word' id='word_1_33' title='bbox 922 863 1153 914; x_wconf 81' lang='lat' dir='ltr'><strong>OAPVT</strong></span> <span class='ocrx_word' id='word_1_34' title='bbox 1195 864 1460 915; x_wconf 92' lang='lat' dir='ltr'>NONVM.</span> 
     </span>
    </p>
   </div>
   <div class='ocr_carea' id='block_1_5' title="bbox 550 977 1823 1052">
    <p class='ocr_par' dir='ltr' id='par_1_5' title="bbox 550 977 1823 1052">
     <span class='ocr_line' id='line_1_8' title="bbox 550 977 1823 1052; baseline 0.003 -20"><span class='ocrx_word' id='word_1_35' title='bbox 550 985 626 1032; x_wconf 73' lang='lat' dir='ltr'><strong>De</strong></span> <span class='ocrx_word' id='word_1_36' title='bbox 651 987 856 1034; x_wconf 70' lang='lat' dir='ltr'><strong>victoria</strong></span> <span class='ocrx_word' id='word_1_37' title='bbox 884 984 1268 1034; x_wconf 65' lang='lat' dir='ltr'><strong>Christianorum</strong></span> <span class='ocrx_word' id='word_1_38' title='bbox 1296 987 1363 1034; x_wconf 79' lang='lat' dir='ltr'><strong>ad</strong></span> <span class='ocrx_word' id='word_1_39' title='bbox 1385 977 1823 1052; x_wconf 66' lang='lat' dir='ltr'><strong>Albam-Regalem.</strong></span> 
     </span>
    </p>
   </div>
   <div class='ocr_carea' id='block_1_6' title="bbox 400 1118 2006 3022">
    <p class='ocr_par' dir='ltr' id='par_1_6' title="bbox 400 1118 2006 3022">
     <span class='ocr_line' id='line_1_9' title="bbox 583 1118 1934 1184; baseline -0.001 -14"><span class='ocrx_word' id='word_1_40' title='bbox 583 1119 747 1170; x_wconf 86' lang='lat' dir='ltr'><strong>Bassa</strong></span> <span class='ocrx_word' id='word_1_41' title='bbox 771 1118 960 1166; x_wconf 88' lang='lat' dir='ltr'><strong>interea</strong></span> <span class='ocrx_word' id='word_1_42' title='bbox 985 1118 1229 1166; x_wconf 88' lang='lat' dir='ltr'><strong>Budensis</strong></span> <span class='ocrx_word' id='word_1_43' title='bbox 1251 1134 1555 1180; x_wconf 83' lang='lat' dir='ltr'><strong>cognoscens</strong></span> <span class='ocrx_word' id='word_1_44' title='bbox 1590 1136 1680 1184; x_wconf 88' lang='lat' dir='ltr'><strong>per</strong></span> <span class='ocrx_word' id='word_1_45' title='bbox 1706 1121 1934 1184; x_wconf 82' lang='lat' dir='ltr'><strong>explora-</strong></span> 
     </span>
     <span class='ocr_line' id='line_1_10' title="bbox 438 1199 1940 1266; baseline 0.001 -15"><span class='ocrx_word' id='word_1_46' title='bbox 438 1209 587 1263; x_wconf 88' lang='lat' dir='ltr'><strong>tores,</strong></span> <span class='ocrx_word' id='word_1_47' title='bbox 619 1202 733 1264; x_wconf 91' lang='lat' dir='ltr'><strong>quid</strong></span> <span class='ocrx_word' id='word_1_48' title='bbox 760 1201 952 1249; x_wconf 88' lang='lat' dir='ltr'><strong>consilii</strong></span> <span class='ocrx_word' id='word_1_49' title='bbox 979 1199 1250 1250; x_wconf 81' lang='lat' dir='ltr'><strong>Christiani</strong></span> <span class='ocrx_word' id='word_1_50' title='bbox 1266 1209 1511 1266; x_wconf 86' lang='lat' dir='ltr'><strong>caperent,</strong></span> <span class='ocrx_word' id='word_1_51' title='bbox 1526 1204 1816 1252; x_wconf 88' lang='lat' dir='ltr'><strong>convocatis·</strong></span> <span class='ocrx_word' id='word_1_52' title='bbox 1827 1213 1940 1252; x_wconf 78' lang='lat' dir='ltr'><strong>con‘</strong></span> 
     </span>
     <span class='ocr_line' id='line_1_11' title="bbox 441 1285 1936 1348; baseline 0.001 -14"><span class='ocrx_word' id='word_1_53' title='bbox 441 1285 608 1334; x_wconf 90' lang='lat' dir='ltr'><strong>festim</strong></span> <span class='ocrx_word' id='word_1_54' title='bbox 635 1285 872 1344; x_wconf 89' lang='lat' dir='ltr'><strong>omnibus,</strong></span> <span class='ocrx_word' id='word_1_55' title='bbox 901 1285 983 1348; x_wconf 88' lang='lat' dir='ltr'><strong>qui</strong></span> <span class='ocrx_word' id='word_1_56' title='bbox 1009 1290 1057 1333; x_wconf 90' lang='lat' dir='ltr'><strong>et</strong></span> <span class='ocrx_word' id='word_1_57' title='bbox 1083 1286 1267 1346; x_wconf 88' lang='lat' dir='ltr'><strong>Budae,</strong></span> <span class='ocrx_word' id='word_1_58' title='bbox 1312 1292 1360 1334; x_wconf 92' lang='lat' dir='ltr'><strong>et</strong></span> <span class='ocrx_word' id='word_1_59' title='bbox 1397 1287 1515 1335; x_wconf 86' lang='lat' dir='ltr'><strong>alibi</strong></span> <span class='ocrx_word' id='word_1_60' title='bbox 1543 1287 1648 1335; x_wconf 91' lang='lat' dir='ltr'><strong>eius</strong></span> <span class='ocrx_word' id='word_1_61' title='bbox 1676 1287 1823 1338; x_wconf 90' lang='lat' dir='ltr'><strong>ductu</strong></span> <span class='ocrx_word' id='word_1_62' title='bbox 1849 1287 1936 1336; x_wconf 85' lang='lat' dir='ltr'><strong>sti-</strong></span> 
     </span>
     <span class='ocr_line' id='line_1_12' title="bbox 442 1368 1952 1435; baseline 0.002 -19"><span class='ocrx_word' id='word_1_63' title='bbox 442 1368 624 1433; x_wconf 87' lang='lat' dir='ltr'><strong>pendia</strong></span> <span class='ocrx_word' id='word_1_64' title='bbox 663 1369 931 1427; x_wconf 89' lang='lat' dir='ltr'><strong>merebant,</strong></span> <span class='ocrx_word' id='word_1_65' title='bbox 984 1383 1089 1416; x_wconf 91' lang='lat' dir='ltr'><strong>cum</strong></span> <span class='ocrx_word' id='word_1_66' title='bbox 1127 1369 1297 1418; x_wconf 86' lang='lat' dir='ltr'><strong>valida</strong></span> <span class='ocrx_word' id='word_1_67' title='bbox 1335 1370 1574 1433; x_wconf 88' lang='lat' dir='ltr'><strong>equitum,</strong></span> <span class='ocrx_word' id='word_1_68' title='bbox 1625 1371 1952 1435; x_wconf 28' lang='lat' dir='ltr'><strong>peditumque-</strong></span> 
     </span>
     <span class='ocr_line' id='line_1_13' title="bbox 446 1450 2006 1517; baseline 0.001 -17"><span class='ocrx_word' id='word_1_69' title='bbox 446 1467 591 1501; x_wconf 89' lang='lat' dir='ltr'><strong>manu</strong></span> <span class='ocrx_word' id='word_1_70' title='bbox 617 1466 671 1499; x_wconf 92' lang='lat' dir='ltr'><strong>se</strong></span> <span class='ocrx_word' id='word_1_71' title='bbox 700 1451 762 1499; x_wconf 92' lang='lat' dir='ltr'><strong>ad</strong></span> <span class='ocrx_word' id='word_1_72' title='bbox 790 1450 1056 1503; x_wconf 84' lang='lat' dir='ltr'><strong>ferendam,</strong></span> <span class='ocrx_word' id='word_1_73' title='bbox 1107 1451 1190 1499; x_wconf 90' lang='lat' dir='ltr'><strong>ubi</strong></span> <span class='ocrx_word' id='word_1_74' title='bbox 1234 1466 1352 1500; x_wconf 89' lang='lat' dir='ltr'><strong>usus</strong></span> <span class='ocrx_word' id='word_1_75' title='bbox 1378 1458 1619 1515; x_wconf 90' lang='lat' dir='ltr'><strong>posceret,</strong></span> <span class='ocrx_word' id='word_1_76' title='bbox 1671 1453 1773 1503; x_wconf 86' lang='lat' dir='ltr'><strong>suis</strong></span> <span class='ocrx_word' id='word_1_77' title='bbox 1798 1468 1940 1516; x_wconf 91' lang='lat' dir='ltr'><strong>opem</strong></span> <span class='ocrx_word' id='word_1_78' title='bbox 2003 1513 2006 1517; x_wconf 20' lang='grc' dir='ltr'>ι</span> 
     </span>
     <span class='ocr_line' id='line_1_14' title="bbox 443 1533 1940 1600; baseline 0 -16"><span class='ocrx_word' id='word_1_79' title='bbox 443 1539 830 1600; x_wconf 78' lang='lat' dir='ltr'><strong>comparaverat,</strong></span> <span class='ocrx_word' id='word_1_80' title='bbox 858 1533 1199 1598; x_wconf 78' lang='lat' dir='ltr'><strong>promotisque</strong></span> <span class='ocrx_word' id='word_1_81' title='bbox 1227 1535 1395 1600; x_wconf 68' lang='lat' dir='ltr'><strong>copiis,</strong></span> <span class='ocrx_word' id='word_1_82' title='bbox 1424 1536 1534 1599; x_wconf 91' lang='lat' dir='ltr'><strong>ipse</strong></span> <span class='ocrx_word' id='word_1_83' title='bbox 1550 1536 1710 1597; x_wconf 88' lang='lat' dir='ltr'><strong>etiam,</strong></span> <span class='ocrx_word' id='word_1_84' title='bbox 1738 1536 1940 1585; x_wconf 88' lang='lat' dir='ltr'><strong>eandem</strong></span> 
     </span>
     <span class='ocr_line' id='line_1_15' title="bbox 443 1614 1939 1683; baseline 0.001 -16"><span class='ocrx_word' id='word_1_85' title='bbox 443 1619 711 1683; x_wconf 88' lang='lat' dir='ltr'><strong>partemin</strong></span> <span class='ocrx_word' id='word_1_86' title='bbox 739 1632 883 1679; x_wconf 85' lang='lat' dir='ltr'><strong>quam</strong></span> <span class='ocrx_word' id='word_1_87' title='bbox 923 1614 1208 1678; x_wconf 77' lang='lat' dir='ltr'><strong>Christiani,</strong></span> <span class='ocrx_word' id='word_1_88' title='bbox 1248 1633 1363 1666; x_wconf 92' lang='lat' dir='ltr'><strong>suos</strong></span> <span class='ocrx_word' id='word_1_89' title='bbox 1405 1618 1692 1668; x_wconf 88' lang='lat' dir='ltr'><strong>adducebat.</strong></span> <span class='ocrx_word' id='word_1_90' title='bbox 1757 1619 1939 1668; x_wconf 87' lang='lat' dir='ltr'><strong>Verum</strong></span> 
     </span>
     <span class='ocr_line' id='line_1_16' title="bbox 444 1700 1939 1764; baseline -0.001 -13"><span class='ocrx_word' id='word_1_91' title='bbox 444 1701 743 1751; x_wconf 81' lang='lat' dir='ltr'><strong>Christianis</strong></span> <span class='ocrx_word' id='word_1_92' title='bbox 783 1716 837 1748; x_wconf 89' lang='lat' dir='ltr'><strong>re</strong></span> <span class='ocrx_word' id='word_1_93' title='bbox 875 1705 1162 1764; x_wconf 87' lang='lat' dir='ltr'><strong>perpetrata</strong></span> <span class='ocrx_word' id='word_1_94' title='bbox 1200 1702 1296 1750; x_wconf 91' lang='lat' dir='ltr'><strong>iam</strong></span> <span class='ocrx_word' id='word_1_95' title='bbox 1331 1700 1724 1760; x_wconf 77' lang='lat' dir='ltr'><strong>discedentibus,</strong></span> <span class='ocrx_word' id='word_1_96' title='bbox 1777 1700 1939 1750; x_wconf 89' lang='lat' dir='ltr'><strong>Albae</strong></span> 
     </span>
     <span class='ocr_line' id='line_1_17' title="bbox 445 1785 1940 1849; baseline 0.001 -16"><span class='ocrx_word' id='word_1_97' title='bbox 445 1786 735 1835; x_wconf 81' lang='lat' dir='ltr'><strong>Praefectus</strong></span> <span class='ocrx_word' id='word_1_98' title='bbox 763 1800 868 1832; x_wconf 74' lang='lat' dir='ltr'><strong>cum</strong></span> <span class='ocrx_word' id='word_1_99' title='bbox 903 1785 1005 1833; x_wconf 89' lang='lat' dir='ltr'><strong>suis</strong></span> <span class='ocrx_word' id='word_1_100' title='bbox 1045 1785 1166 1833; x_wconf 88' lang='lat' dir='ltr'><strong>urbe</strong></span> <span class='ocrx_word' id='word_1_101' title='bbox 1193 1800 1247 1834; x_wconf 89' lang='lat' dir='ltr'><strong>se</strong></span> <span class='ocrx_word' id='word_1_102' title='bbox 1274 1785 1539 1846; x_wconf 83' lang='lat' dir='ltr'><strong>effundens,</strong></span> <span class='ocrx_word' id='word_1_103' title='bbox 1560 1786 1832 1849; x_wconf 86' lang='lat' dir='ltr'><strong>obviusque</strong></span> <span class='ocrx_word' id='word_1_104' title='bbox 1846 1785 1940 1835; x_wconf 86' lang='lat' dir='ltr'><strong>Bu-</strong></span> 
     </span>
     <span class='ocr_line' id='line_1_18' title="bbox 445 1869 1937 1933; baseline -0.001 -14"><span class='ocrx_word' id='word_1_105' title='bbox 445 1870 599 1931; x_wconf 88' lang='lat' dir='ltr'><strong>densi,</strong></span> <span class='ocrx_word' id='word_1_106' title='bbox 639 1884 784 1918; x_wconf 90' lang='lat' dir='ltr'><strong>orare</strong></span> <span class='ocrx_word' id='word_1_107' title='bbox 813 1884 935 1929; x_wconf 89' lang='lat' dir='ltr'><strong>eum,</strong></span> <span class='ocrx_word' id='word_1_108' title='bbox 964 1884 1025 1916; x_wconf 89' lang='lat' dir='ltr'><strong>ne</strong></span> <span class='ocrx_word' id='word_1_109' title='bbox 1051 1873 1238 1917; x_wconf 87' lang='lat' dir='ltr'><strong>tantum</strong></span> <span class='ocrx_word' id='word_1_110' title='bbox 1263 1870 1455 1918; x_wconf 89' lang='lat' dir='ltr'><strong>facinus</strong></span> <span class='ocrx_word' id='word_1_111' title='bbox 1481 1869 1684 1918; x_wconf 90' lang='lat' dir='ltr'><strong>inultum</strong></span> <span class='ocrx_word' id='word_1_112' title='bbox 1698 1869 1937 1933; x_wconf 84' lang='lat' dir='ltr'><strong>patiatur:</strong></span> 
     </span>
     <span class='ocr_line' id='line_1_19' title="bbox 444 1953 1940 2017; baseline -0.001 -15"><span class='ocrx_word' id='word_1_113' title='bbox 444 1955 492 2002; x_wconf 90' lang='lat' dir='ltr'><strong>in</strong></span> <span class='ocrx_word' id='word_1_114' title='bbox 519 1958 782 2017; x_wconf 88' lang='lat' dir='ltr'><strong>conspectu</strong></span> <span class='ocrx_word' id='word_1_115' title='bbox 821 1968 933 2002; x_wconf 90' lang='lat' dir='ltr'><strong>esse</strong></span> <span class='ocrx_word' id='word_1_116' title='bbox 971 1953 1164 2012; x_wconf 89' lang='lat' dir='ltr'><strong>hostes,</strong></span> <span class='ocrx_word' id='word_1_117' title='bbox 1213 1953 1263 2001; x_wconf 91' lang='lat' dir='ltr'><strong>in</strong></span> <span class='ocrx_word' id='word_1_118' title='bbox 1302 1969 1446 2003; x_wconf 88' lang='lat' dir='ltr'><strong>manu</strong></span> <span class='ocrx_word' id='word_1_119' title='bbox 1483 1954 1753 2015; x_wconf 89' lang='lat' dir='ltr'><strong>victoriam,</strong></span> <span class='ocrx_word' id='word_1_120' title='bbox 1803 1953 1940 2002; x_wconf 85' lang='lat' dir='ltr'><strong>nulla</strong></span> 
     </span>
     <span class='ocr_line' id='line_1_20' title="bbox 446 2036 1942 2100; baseline -0.001 -14"><span class='ocrx_word' id='word_1_121' title='bbox 446 2052 611 2087; x_wconf 87' lang='lat' dir='ltr'><strong>secum</strong></span> <span class='ocrx_word' id='word_1_122' title='bbox 637 2041 880 2085; x_wconf 87' lang='lat' dir='ltr'><strong>tormenta</strong></span> <span class='ocrx_word' id='word_1_123' title='bbox 907 2051 992 2084; x_wconf 92' lang='lat' dir='ltr'><strong>eos</strong></span> <span class='ocrx_word' id='word_1_124' title='bbox 1020 2036 1221 2097; x_wconf 90' lang='lat' dir='ltr'><strong>habere,</strong></span> <span class='ocrx_word' id='word_1_125' title='bbox 1259 2037 1407 2085; x_wconf 87' lang='lat' dir='ltr'><strong>facile</strong></span> <span class='ocrx_word' id='word_1_126' title='bbox 1432 2051 1616 2100; x_wconf 90' lang='lat' dir='ltr'><strong>paucos</strong></span> <span class='ocrx_word' id='word_1_127' title='bbox 1643 2053 1673 2087; x_wconf 84' lang='lat' dir='ltr'><strong>a</strong></span> <span class='ocrx_word' id='word_1_128' title='bbox 1698 2036 1942 2099; x_wconf 85' lang='lat' dir='ltr'><strong>pluribus,</strong></span> 
     </span>
     <span class='ocr_line' id='line_1_21' title="bbox 445 2120 1940 2185; baseline -0.001 -17"><span class='ocrx_word' id='word_1_129' title='bbox 445 2122 671 2181; x_wconf 89' lang='lat' dir='ltr'><strong>inermes,</strong></span> <span class='ocrx_word' id='word_1_130' title='bbox 699 2121 1065 2185; x_wconf 88' lang='lat' dir='ltr'><strong>imparatosque</strong></span> <span class='ocrx_word' id='word_1_131' title='bbox 1093 2120 1155 2169; x_wconf 91' lang='lat' dir='ltr'><strong>ab</strong></span> <span class='ocrx_word' id='word_1_132' title='bbox 1181 2120 1258 2181; x_wconf 91' lang='lat' dir='ltr'><strong>iis,</strong></span> <span class='ocrx_word' id='word_1_133' title='bbox 1286 2121 1368 2183; x_wconf 90' lang='lat' dir='ltr'><strong>qui</strong></span> <span class='ocrx_word' id='word_1_134' title='bbox 1382 2121 1604 2169; x_wconf 91' lang='lat' dir='ltr'><strong>omnibus</strong></span> <span class='ocrx_word' id='word_1_135' title='bbox 1619 2120 1940 2177; x_wconf 83' lang='lat' dir='ltr'><strong>abundarent,</strong></span> 
     </span>
     <span class='ocr_line' id='line_1_22' title="bbox 400 2204 1940 2269; baseline -0.002 -14"><span class='ocrx_word' id='word_1_136' title='bbox 400 2228 406 2236; x_wconf 95' lang='lat'>·</span> <span class='ocrx_word' id='word_1_137' title='bbox 450 2206 658 2269; x_wconf 89' lang='lat' dir='ltr'><strong>opprimi</strong></span> <span class='ocrx_word' id='word_1_138' title='bbox 684 2220 850 2269; x_wconf 88' lang='lat' dir='ltr'><strong>posse.</strong></span> <span class='ocrx_word' id='word_1_139' title='bbox 875 2205 989 2254; x_wconf 92' lang='lat' dir='ltr'><strong>Non</strong></span> <span class='ocrx_word' id='word_1_140' title='bbox 1015 2209 1122 2253; x_wconf 90' lang='lat' dir='ltr'><strong>erat</strong></span> <span class='ocrx_word' id='word_1_141' title='bbox 1149 2219 1272 2268; x_wconf 89' lang='lat' dir='ltr'><strong>opus</strong></span> <span class='ocrx_word' id='word_1_142' title='bbox 1298 2205 1520 2268; x_wconf 89' lang='lat' dir='ltr'><strong>pluribus</strong></span> <span class='ocrx_word' id='word_1_143' title='bbox 1547 2204 1677 2268; x_wconf 87' lang='lat' dir='ltr'><strong>apud</strong></span> <span class='ocrx_word' id='word_1_144' title='bbox 1699 2204 1940 2253; x_wconf 87' lang='lat' dir='ltr'><strong>hominem</strong></span> 
     </span>
     <span class='ocr_line' id='line_1_23' title="bbox 451 2286 1938 2351; baseline -0.001 -16"><span class='ocrx_word' id='word_1_145' title='bbox 451 2304 541 2336; x_wconf 88' lang='lat' dir='ltr'><strong>sua</strong></span> <span class='ocrx_word' id='word_1_146' title='bbox 570 2293 744 2351; x_wconf 87' lang='lat' dir='ltr'><strong>sponte</strong></span> <span class='ocrx_word' id='word_1_147' title='bbox 773 2288 849 2336; x_wconf 90' lang='lat' dir='ltr'><strong>sui</strong></span> <span class='ocrx_word' id='word_1_148' title='bbox 888 2288 1223 2348; x_wconf 89' lang='lat' dir='ltr'><strong>confidentem,</strong></span> <span class='ocrx_word' id='word_1_149' title='bbox 1270 2286 1475 2350; x_wconf 84' lang='lat' dir='ltr'><strong>gradum</strong></span> <span class='ocrx_word' id='word_1_150' title='bbox 1504 2287 1759 2335; x_wconf 87' lang='lat' dir='ltr'><strong>confestim</strong></span> <span class='ocrx_word' id='word_1_151' title='bbox 1784 2287 1938 2336; x_wconf 91' lang='lat' dir='ltr'><strong>inten-</strong></span> 
     </span>
     <span class='ocr_line' id='line_1_24' title="bbox 452 2370 1939 2434; baseline -0.001 -15"><span class='ocrx_word' id='word_1_152' title='bbox 452 2372 582 2431; x_wconf 90' lang='lat' dir='ltr'><strong>dunt,</strong></span> <span class='ocrx_word' id='word_1_153' title='bbox 610 2377 657 2419; x_wconf 91' lang='lat' dir='ltr'><strong>et</strong></span> <span class='ocrx_word' id='word_1_154' title='bbox 682 2371 765 2418; x_wconf 76' lang='lat' dir='ltr'><strong>vix</strong></span> <span class='ocrx_word' id='word_1_155' title='bbox 792 2372 854 2419; x_wconf 87' lang='lat' dir='ltr'><strong>ab</strong></span> <span class='ocrx_word' id='word_1_156' title='bbox 882 2372 1004 2419; x_wconf 91' lang='lat' dir='ltr'><strong>urbe</strong></span> <span class='ocrx_word' id='word_1_157' title='bbox 1030 2386 1124 2419; x_wconf 92' lang='lat' dir='ltr'><strong>uno</strong></span> <span class='ocrx_word' id='word_1_158' title='bbox 1165 2370 1377 2430; x_wconf 87' lang='lat' dir='ltr'><strong>milliari,</strong></span> <span class='ocrx_word' id='word_1_159' title='bbox 1428 2370 1723 2434; x_wconf 88' lang='lat' dir='ltr'><strong>recipientes</strong></span> <span class='ocrx_word' id='word_1_160' title='bbox 1760 2370 1858 2418; x_wconf 89' lang='lat' dir='ltr'><strong>iam</strong></span> <span class='ocrx_word' id='word_1_161' title='bbox 1885 2385 1939 2418; x_wconf 88' lang='lat' dir='ltr'><strong>se</strong></span> 
     </span>
     <span class='ocr_line' id='line_1_25' title="bbox 451 2453 1940 2519; baseline -0.001 -16"><span class='ocrx_word' id='word_1_162' title='bbox 451 2453 764 2503; x_wconf 83' lang='lat' dir='ltr'><strong>Christianos</strong></span> <span class='ocrx_word' id='word_1_163' title='bbox 815 2455 1113 2519; x_wconf 86' lang='lat' dir='ltr'><strong>conspicati,</strong></span> <span class='ocrx_word' id='word_1_164' title='bbox 1167 2455 1406 2517; x_wconf 89' lang='lat' dir='ltr'><strong>quomodo</strong></span> <span class='ocrx_word' id='word_1_165' title='bbox 1446 2469 1531 2502; x_wconf 89' lang='lat' dir='ltr'><strong>eos</strong></span> <span class='ocrx_word' id='word_1_166' title='bbox 1571 2454 1940 2518; x_wconf 84' lang='lat' dir='ltr'><strong>aggrediantur,</strong></span> 
     </span>
     <span class='ocr_line' id='line_1_26' title="bbox 451 2536 1940 2600; baseline -0.001 -14"><span class='ocrx_word' id='word_1_167' title='bbox 451 2538 771 2587; x_wconf 89' lang='lat' dir='ltr'><strong>deliberaturi</strong></span> <span class='ocrx_word' id='word_1_168' title='bbox 798 2539 1085 2587; x_wconf 86' lang='lat' dir='ltr'><strong>consistunt.</strong></span> <span class='ocrx_word' id='word_1_169' title='bbox 1111 2538 1170 2586; x_wconf 91' lang='lat' dir='ltr'><strong>Id</strong></span> <span class='ocrx_word' id='word_1_170' title='bbox 1198 2536 1494 2587; x_wconf 81' lang='lat' dir='ltr'><strong>Christianis</strong></span> <span class='ocrx_word' id='word_1_171' title='bbox 1521 2538 1668 2587; x_wconf 89' lang='lat' dir='ltr'><strong>saluti</strong></span> <span class='ocrx_word' id='word_1_172' title='bbox 1705 2538 1806 2598; x_wconf 92' lang='lat' dir='ltr'><strong>fuit,</strong></span> <span class='ocrx_word' id='word_1_173' title='bbox 1859 2536 1940 2600; x_wconf 91' lang='lat' dir='ltr'><strong>qui</strong></span> 
     </span>
     <span class='ocr_line' id='line_1_27' title="bbox 451 2608 1940 2685; baseline -0.002 -15"><span class='ocrx_word' id='word_1_174' title='bbox 451 2622 627 2671; x_wconf 89' lang='lat' dir='ltr'><strong>solutis</strong></span> <span class='ocrx_word' id='word_1_175' title='bbox 668 2622 921 2671; x_wconf 88' lang='lat' dir='ltr'><strong>ordinibus</strong></span> <span class='ocrx_word' id='word_1_176' title='bbox 961 2608 1064 2670; x_wconf 77' lang='lat' dir='ltr'><strong>iter</strong></span> <span class='ocrx_word' id='word_1_177' title='bbox 1083 2621 1363 2685; x_wconf 87' lang='lat' dir='ltr'><strong>capientes,</strong></span> <span class='ocrx_word' id='word_1_178' title='bbox 1405 2621 1485 2670; x_wconf 84' lang='lat' dir='ltr'><strong>vix</strong></span> <span class='ocrx_word' id='word_1_179' title='bbox 1513 2621 1623 2670; x_wconf 89' lang='lat' dir='ltr'><strong>sisti</strong></span> <span class='ocrx_word' id='word_1_180' title='bbox 1656 2637 1686 2669; x_wconf 91' lang='lat' dir='ltr'><strong>a</strong></span> <span class='ocrx_word' id='word_1_181' title='bbox 1725 2620 1940 2679; x_wconf 87' lang='lat' dir='ltr'><strong>ducibus,</strong></span> 
     </span>
     <span class='ocr_line' id='line_1_28' title="bbox 452 2702 1940 2767; baseline -0.001 -15"><span class='ocrx_word' id='word_1_182' title='bbox 452 2705 524 2753; x_wconf 89' lang='lat' dir='ltr'><strong>ire</strong></span> <span class='ocrx_word' id='word_1_183' title='bbox 552 2705 610 2752; x_wconf 85' lang='lat' dir='ltr'><strong>ad</strong></span> <span class='ocrx_word' id='word_1_184' title='bbox 639 2705 799 2767; x_wconf 84' lang='lat' dir='ltr'><strong>signa,</strong></span> <span class='ocrx_word' id='word_1_185' title='bbox 837 2704 887 2752; x_wconf 90' lang='lat' dir='ltr'><strong>in</strong></span> <span class='ocrx_word' id='word_1_186' title='bbox 924 2704 1093 2752; x_wconf 87' lang='lat' dir='ltr'><strong>hostes</strong></span> <span class='ocrx_word' id='word_1_187' title='bbox 1133 2719 1187 2752; x_wconf 92' lang='lat' dir='ltr'><strong>se</strong></span> <span class='ocrx_word' id='word_1_188' title='bbox 1225 2709 1524 2765; x_wconf 85' lang='lat' dir='ltr'><strong>convertere,</strong></span> <span class='ocrx_word' id='word_1_189' title='bbox 1564 2720 1700 2753; x_wconf 86' lang='lat' dir='ltr'><strong>arma</strong></span> <span class='ocrx_word' id='word_1_190' title='bbox 1724 2702 1940 2764; x_wconf 88' lang='lat' dir='ltr'><strong>induere,</strong></span> 
     </span>
     <span class='ocr_line' id='line_1_29' title="bbox 452 2787 1939 2851; baseline -0.002 -14"><span class='ocrx_word' id='word_1_191' title='bbox 452 2794 536 2837; x_wconf 88' lang='lat' dir='ltr'><strong>aut</strong></span> <span class='ocrx_word' id='word_1_192' title='bbox 563 2788 623 2836; x_wconf 86' lang='lat' dir='ltr'><strong>ad</strong></span> <span class='ocrx_word' id='word_1_193' title='bbox 652 2803 711 2836; x_wconf 85' lang='lat' dir='ltr'><strong>ea</strong></span> <span class='ocrx_word' id='word_1_194' title='bbox 737 2787 964 2836; x_wconf 85' lang='lat' dir='ltr'><strong>facienda</strong></span> <span class='ocrx_word' id='word_1_195' title='bbox 992 2787 1165 2835; x_wconf 83' lang='lat' dir='ltr'><strong>adduci</strong></span> <span class='ocrx_word' id='word_1_196' title='bbox 1194 2793 1411 2850; x_wconf 86' lang='lat' dir='ltr'><strong>potuere,</strong></span> <span class='ocrx_word' id='word_1_197' title='bbox 1445 2803 1569 2851; x_wconf 87' lang='lat' dir='ltr'><strong>quae</strong></span> <span class='ocrx_word' id='word_1_198' title='bbox 1596 2796 1834 2851; x_wconf 88' lang='lat' dir='ltr'><strong>praesens</strong></span> <span class='ocrx_word' id='word_1_199' title='bbox 1860 2802 1939 2834; x_wconf 89' lang='lat' dir='ltr'><strong>ne-</strong></span> 
     </span>
     <span class='ocr_line' id='line_1_30' title="bbox 454 2869 1940 2934; baseline -0.002 -14"><span class='ocrx_word' id='word_1_200' title='bbox 454 2873 679 2931; x_wconf 87' lang='lat' dir='ltr'><strong>cessitas,</strong></span> <span class='ocrx_word' id='word_1_201' title='bbox 709 2878 757 2920; x_wconf 90' lang='lat' dir='ltr'><strong>et</strong></span> <span class='ocrx_word' id='word_1_202' title='bbox 783 2872 1048 2920; x_wconf 89' lang='lat' dir='ltr'><strong>communis</strong></span> <span class='ocrx_word' id='word_1_203' title='bbox 1074 2871 1279 2934; x_wconf 88' lang='lat' dir='ltr'><strong>periculi</strong></span> <span class='ocrx_word' id='word_1_204' title='bbox 1292 2876 1449 2919; x_wconf 88' lang='lat' dir='ltr'><strong>metus</strong></span> <span class='ocrx_word' id='word_1_205' title='bbox 1463 2872 1762 2934; x_wconf 89' lang='lat' dir='ltr'><strong>postulabat.</strong></span> <span class='ocrx_word' id='word_1_206' title='bbox 1778 2869 1940 2932; x_wconf 82' lang='lat' dir='ltr'><strong>Auge·</strong></span> 
     </span>
     <span class='ocr_line' id='line_1_31' title="bbox 452 2952 1941 3022; baseline -0.001 -19"><span class='ocrx_word' id='word_1_207' title='bbox 452 2957 536 3004; x_wconf 87' lang='lat' dir='ltr'><strong>bat</strong></span> <span class='ocrx_word' id='word_1_208' title='bbox 565 2956 770 3004; x_wconf 87' lang='lat' dir='ltr'><strong>omnium</strong></span> <span class='ocrx_word' id='word_1_209' title='bbox 800 2954 1174 3004; x_wconf 83' lang='lat' dir='ltr'><strong>sollicitudinem</strong></span> <span class='ocrx_word' id='word_1_210' title='bbox 1202 2955 1477 3018; x_wconf 84' lang='lat' dir='ltr'><strong>improvida</strong></span> <span class='ocrx_word' id='word_1_211' title='bbox 1505 2955 1641 3003; x_wconf 86' lang='lat' dir='ltr'><strong>ducis</strong></span> <span class='ocrx_word' id='word_1_212' title='bbox 1672 2955 1840 3015; x_wconf 83' lang='lat' dir='ltr'><strong>virtus,</strong></span> <span class='ocrx_word' id='word_1_213' title='bbox 1860 2952 1941 3022; x_wconf 84' lang='lat' dir='ltr'><strong>qui</strong></span> 
     </span>
    </p>
   </div>
  </div>
 </body>
</html>
