2112 3288
425 154 525 206 122
953 172 1018 204 10.
1048 171 1179 204 Dncn
1204 172 1401 205 BAnovn

421 293 615 337 ventum
656 302 910 353 peragere.
964 287 1038 335 Eo
1075 288 1160 336 ubi
1197 289 1357 337 cuncti
1397 288 1595 337 ordines
1622 301 1910 344 convenere,

422 372 662 435 Princeps
687 370 895 434 primum
920 386 1010 435 per
1038 372 1386 434 Volffgangum
1416 371 1772 420 Kovaciocium
1798 383 1914 418 can-

421 455 684 512 cellarium,
718 454 880 518 coepit
918 454 1014 503 tria
1050 455 1138 504 illa
1176 455 1340 520 capita
1377 455 1558 520 prioris
1586 454 1823 505 orationis
1849 453 1917 501 al-

418 539 517 587 tius
544 553 846 599 enumerare,
863 543 912 587 et
927 539 1234 604 propositum
1244 540 1549 589 desciscendi
1565 557 1595 589 a
1610 539 1791 589 Turcis
1806 551 1915 588 sen-

420 622 511 670 sim
561 620 834 670 hominibus
884 621 1144 686 inculcare.
1203 622 1301 672 Sed
1339 639 1444 672 cum
1484 623 1917 672 animadvertisset

419 706 727 755 cunctantius
748 720 915 755 omnes
937 706 1134 756 ordines
1173 708 1277 756 suis
1303 708 1563 772 postulatis
1600 706 1914 771 respondere,

421 805 585 839 coram
611 790 708 838 sibi
733 789 859 839 hanc
884 806 1001 850 rem,
1041 791 1268 856 serioque
1308 791 1552 855 agendam
1589 796 1741 850 ratus,
1775 791 1915 840 foras

416 874 467 921 in
493 878 806 937 conspectum
833 873 1123 935 nobilitatis,
1153 890 1277 938 quae
1302 875 1353 922 in
1392 874 1622 935 exterius,
1659 875 1915 938 maiusque

418 956 562 1006 aulae
612 956 848 1021 palatium
901 963 1169 1007 convocata
1199 956 1408 1019 fuerat,
1460 959 1714 1023 praesenti
1751 958 1912 1007 animo

418 1040 612 1103 prodiit,
640 1044 689 1088 et
714 1041 972 1089 universos
1010 1041 1060 1088 in
1099 1042 1379 1090 concionem
1417 1042 1686 1101 evocando,
1713 1041 1913 1090 circum-

424 1123 671 1171 stantibus
690 1123 862 1171 dextra
878 1124 1120 1185 laevaque
1135 1124 1334 1172 summis
1343 1122 1638 1172 consiliariis
1666 1121 1915 1187 Stephano

416 1212 464 1255 et
489 1205 786 1254 Balthasare
812 1205 1096 1262 Bathoreis,
1112 1204 1398 1255 Alexandro
1427 1210 1476 1254 et
1496 1205 1763 1254 Francisco
1778 1206 1912 1255 Ken-

416 1290 524 1349 diis,
571 1289 842 1337 Francisco
884 1287 1105 1349 Gesztio,
1146 1288 1398 1353 Stephano
1437 1288 1727 1357 Bochkaio⁷¹
1755 1288 1908 1338 Volff-

414 1386 580 1436 gango
608 1372 929 1433 Kovaciocio,
946 1371 1211 1421 Pancratio
1243 1371 1504 1437 Sennyeio,
1523 1371 1744 1435 Georgio
1759 1370 1911 1433 VasS,

416 1461 465 1504 et
490 1456 684 1518 ceteriS,
713 1471 837 1519 quos
865 1470 1033 1505 omnes
1059 1471 1322 1505 recensere
1348 1471 1446 1504 non
1473 1461 1549 1504 est
1562 1455 1911 1516 necessarium,

414 1539 683 1588 orationem
711 1555 899 1588 summa
926 1555 1032 1589 cum
1060 1540 1270 1588 omnium
1298 1540 1567 1588 attentione
1592 1540 1742 1588 talem
1766 1554 1910 1588 exor-

414 1638 498 1671 sus
527 1628 627 1671 est:
660 1625 773 1673 Non
801 1639 906 1672 sum
931 1624 1088 1687 inquit
1126 1625 1336 1687 nescius,
1375 1639 1624 1688 proceres,
1665 1624 1903 1688 quomodo

413 1723 502 1765 me,
528 1712 701 1757 tenera
738 1708 1070 1771 imbecillique
1111 1713 1277 1757 aetate
1315 1724 1425 1757 mea
1462 1723 1772 1772 nequaquam
1798 1723 1909 1757 con-

415 1795 613 1854 tempta,
642 1791 692 1839 in
718 1791 996 1856 Principem
1022 1791 1167 1840 huius
1191 1792 1475 1856 provinciae
1513 1792 1780 1855 elegeritis,
1818 1792 1911 1841 hoc

414 1873 735 1937 proculdubio
763 1875 871 1936 fine,
899 1879 952 1923 ut
978 1874 1268 1924 charissima
1291 1875 1545 1939 provincia
1579 1880 1750 1924 nostra
1774 1875 1909 1924 fideli

414 1958 785 2019 gubernatione,
825 1975 883 2007 ac
921 1958 1302 2020 diligentissima
1339 1959 1760 2008 administratione
1785 1974 1906 2014 mea,

414 2045 583 2090 contra
603 2046 676 2090 tot
701 2046 1044 2105 tantorumque
1070 2042 1282 2092 hostium
1319 2042 1543 2103 insultus,
1583 2048 1720 2090 sarta
1755 2047 1907 2091 tecta-

412 2139 504 2187 que
533 2130 922 2174 conservaretur.
952 2126 1011 2174 Id
1037 2142 1113 2175 me
1151 2142 1344 2190 semper
1381 2126 1615 2176 habuisse
1651 2125 1908 2190 propositi,

411 2222 470 2254 ac
495 2209 756 2257 etiamnum
781 2210 982 2269 habere,
1008 2214 1168 2258 testor
1193 2211 1352 2274 ipsum
1370 2211 1541 2269 Deum,
1569 2209 1705 2258 cuius
1744 2209 1907 2271 gratia

410 2305 470 2337 ac
494 2291 715 2340 bonitate
740 2297 814 2340 tot
839 2293 934 2340 iam
962 2309 1117 2342 annos
1145 2293 1491 2355 gubernaculis
1528 2292 1671 2341 huius
1708 2291 1904 2356 provin-

393 2364 518 2421 'ciae
543 2372 754 2423 fideliter
777 2376 1056 2438 praesideo.
1132 2375 1568 2425 Verumenimvero
1604 2389 1696 2438 pro
1723 2390 1783 2423 ea
1808 2388 1902 2437 ego

411 2471 541 2517 cura,
570 2472 628 2505 ac
654 2456 999 2519 sollicitudine,
1030 2474 1172 2522 quam
1200 2474 1322 2520 erga
1357 2458 1570 2522 patriam
1610 2457 1716 2506 dies
1756 2461 1903 2521 atque

411 2545 583 2589 noctes
614 2556 747 2603 gero,
775 2556 837 2589 ex
864 2542 1042 2603 multis,
1067 2542 1227 2605 iisque
1256 2541 1545 2590 certissimis
1571 2539 1764 2589 indiciis
1790 2555 1902 2602 cog-

410 2625 537 2684 novi,
566 2638 733 2672 omnes
759 2614 1091 2674 Barbarorum
1119 2630 1335 2684 conatus,
1363 2630 1508 2688 atque
1521 2624 1904 2674 machinationes

412 2707 461 2755 in
501 2707 792 2756 deletionem
833 2707 1024 2769 patriae
1049 2712 1250 2756 nostrae
1275 2708 1494 2770 regionis
1520 2707 1749 2757 tendere:
1776 2707 1904 2771 quod

409 2790 480 2838 ita
507 2795 741 2839 statutum
768 2805 893 2843 6666,
921 2806 980 2839 ac
1004 2791 1281 2839 firmissime
1296 2793 1358 2840 ab
1373 2792 1445 2840 eis
1460 2791 1720 2852 decretum,
1734 2805 1901 2840 omnes

407 2873 505 2922 sibi
533 2880 632 2922 tam
660 2878 794 2923 certo
820 2875 1168 2938 persuadeant,
1195 2880 1247 2924 ut
1272 2891 1362 2924 nec
1387 2876 1616 2939 precibus
1641 2875 1770 2935 ullis,
1808 2890 1900 2923 nec

406 2958 532 3005 omni
558 2973 703 3023 opum
729 2963 1006 3010 nostrarum
1032 2958 1284 3018 effusione,
1309 2959 1557 3027 totiusque
1582 2958 1745 3024 Regni
1770 2974 1898 3024 gaza
