2112 3288
843 204 1103 238 TAR‘rALoM.
1506 202 1514 206 “
1538 196 1751 242 LXXVII

1669 316 1750 360 Lap

241 373 346 434 Cap.
367 374 469 419 XII.
503 375 572 417 De
606 372 780 417 Aarone
816 372 1019 431 Vajvoda
1053 372 1300 416 Moldaviae
1334 381 1472 431 capto,
1512 391 1563 418 ac
1585 377 1629 418 in

380 445 742 503 Transylvaniam
762 445 948 488 adducto
1004 478 1617 490 ...........
1663 448 1745 489 157

237 517 343 576 Gap.
363 516 492 562 XIII.
523 517 593 560 De
613 517 787 560 foedere
821 515 1087 573 Sigismundi
1122 516 1338 574 Principis
1360 516 1623 574 Transylva-

379 590 479 632 niae
501 603 600 632 cum
618 588 883 646 Imperatore
911 588 1205 631 Romanorum
1246 621 1621 634 .......
1664 590 1747 633 159

237 659 343 718 Cap.
361 659 483 704 XIV.
505 661 574 704 De
594 662 699 704 inito
722 659 989 718 Sigismundi
1010 661 1223 718 Principis
1239 661 1510 703 matrimonio
1531 675 1630 703 cum

377 732 518 776 Maria
540 731 811 776 Christierna
885 766 1618 778 .............
1662 733 1748 777 162

235 803 343 863 Cap.
363 804 463 850 XV.
501 805 572 848 De
605 806 789 848 comitiis
823 804 1074 848 vernalibus
1108 804 1520 862 Transylvanorum,
1559 820 1628 847 eo-

375 891 558 936 rumque
578 876 740 920 ibidem
764 878 964 920 Decretis
1006 908 1621 922 ...........
1664 878 1749 921 164

788 998 935 1031 LIBER
960 997 1192 1031 OCTAVVS.

233 1081 343 1140 Oap.
363 1081 400 1126 Ι.
421 1081 498 1130 De,
511 1081 701 1126 adventu
722 1081 916 1140 Sponsae
937 1082 1152 1126 Viennam
1175 1081 1375 1124 Austriae
1425 1116 1434 1126 .
1487 1117 1497 1127 .
1547 1116 1556 1126 .
1607 1116 1617 1127 .
1661 1083 1743 1126 171

234 1153 342 1212 Cap.
363 1153 420 1198 II.
443 1154 512 1197 De
533 1154 723 1198 adventu
746 1155 942 1212 Sponsae
966 1153 1216 1197 Carolinam
1238 1169 1373 1211 usque
1429 1188 1439 1198 .
1487 1189 1495 1198 .
1549 1188 1558 1198 .
1608 1189 1616 1199 .
1662 1156 1747 1198 172

234 1224 340 1283 Cap.
358 1224 442 1270 ΠΙ.
464 1225 534 1268 De
555 1225 745 1269 adventu
766 1227 961 1284 Sponsae
984 1224 1325 1270 Albam-Juliam
1367 1258 1378 1269 .
1427 1258 1438 1269 .
1487 1258 1499 1270 .
1547 1248 1558 1260 ·
1607 1260 1618 1271 .
1663 1228 1747 1270 174

232 1297 340 1356 Cap.
369 1298 445 1342 IV.
478 1299 548 1342 De
582 1300 743 1357 nuptiis
786 1299 1055 1356 Sigismundi
1090 1299 1304 1356 Principis
1348 1314 1447 1342 cum
1487 1300 1627 1343 Maria

375 1369 644 1414 Christierna
670 1370 900 1414 celebratis
943 1404 1617 1416 ............
1664 1372 1746 1416 176

231 1439 338 1500 Cap.
371 1441 428 1485 V.
463 1442 533 1486 De
567 1442 690 1486 clade
722 1442 958 1486 liberorum
1011 1441 1204 1500 peditum
1240 1442 1624 1500 Transalpinorum

269 1534 272 1536 ’
376 1513 533 1558 Istrum
555 1521 921 1571 transgressorum
1005 1547 1616 1560 ............
1661 1516 1745 1559 178

230 1583 338 1643 Cap.
360 1584 437 1628 VI.
460 1585 529 1628 De
552 1587 677 1642 capto
698 1584 894 1628 Bokczia
914 1584 1091 1627 castello
1185 1616 1618 1631 ........
1662 1587 1747 1629 180

229 1655 336 1715 Cap.
358 1656 459 1702 VII.
496 1659 563 1702 De
597 1663 723 1714 capto
762 1657 995 1700 Varsoczio
1030 1656 1222 1708 castello,
1259 1662 1301 1699 et
1336 1657 1504 1714 direpto
1527 1673 1625 1701 cum

373 1728 777 1772 circumiacentibus
800 1730 936 1787 pagis,
958 1728 1116 1787 oppido
1138 1729 1168 1772 J
1170 1728 1266 1771 &feo
1303 1761 1616 1775 ......
1658 1731 1746 1774 182

229 1800 337 1860 Cap.
360 1801 482 1846 VIII.
505 1802 575 1845 De
609 1801 788 1845 dimissa
822 1817 848 1844 a
881 1801 1082 1859 Principe
1116 1801 1264 1856 Socru,
1299 1807 1512 1859 captoque
1539 1802 1621 1845 Fa-

374 1873 526 1918 cziado
579 1897 1618 1920 ..................
1660 1875 1746 1918 184

229 1945 335 2005 Cap.
355 1946 440 1991 IX.
457 1945 527 1990 De
561 1947 790 2006 profligato
824 1947 1198 1991 Tomosvariensis
1232 1946 1395 1989 Bassae
1416 1948 1624 2003 exercitu,

372 2020 510 2076 captis
531 2019 740 2078 Lippensi
759 2035 812 2062 ac
832 2019 1048 2062 Ieneiensi
1071 2018 1203 2070 Begis
1245 2052 1256 2062 .
1290 2008 1296 2013 l
1306 2050 1617 2063 ......
1659 2019 1742 2061 186

229 2089 338 2148 Gap.
359 2090 418 2135 X.
437 2090 509 2136 De
530 2098 656 2149 capta
676 2092 830 2150 Lippa,
852 2091 1061 2148 Pankota,
1087 2090 1184 2146 Siri,
1207 2090 1441 2148 Aradoque
1482 2123 1492 2135 .
1542 2125 1551 2136 .
1604 2125 1614 2135 .
1658 2091 1742 2133 189

807 2212 956 2246 LIBER
974 2211 1149 2246 NONVS.

229 2295 337 2355 Cap.
359 2297 393 2340 Ι.
426 2297 495 2340 De
510 2268 692 2341 obsesso!
710 2296 944 2354 Strigonio‚
968 2302 1010 2339 et
1031 2295 1270 2353 profligatis
1293 2295 1528 2338 Bassarum
1551 2310 1620 2339 co-

405 2370 430 2380 ““
514 2399 1612 2414 ...................
1656 2368 1709 2411 19

228 2439 334 2499 Cap.
359 2384 506 2484 IIIilIk
527 2440 718 2485 adventu
753 2439 903 2483 Sinani
937 2440 1100 2483 Bassae
1136 2441 1181 2482 in
1208 2439 1554 2497 Transalpinam,
1576 2446 1619 2482 et
1713 2369 1740 2412 3

370 2513 534 2571 praelio
556 2512 781 2556 Michaelis
803 2511 988 2555 Palatini
1011 2527 1108 2555 cum
1131 2527 1181 2555 eo
1233 2545 1607 2558 .......
1655 2512 1739 2556 199

229 2583 337 2642 Cap.
359 2584 438 2627 111.
459 2585 528 2627 De
551 2600 634 2627 non
651 2584 827 2628 obtenta
841 2583 1074 2640 deditione,
1098 2599 1150 2627 ac
1163 2588 1300 2628 morte
1324 2584 1469 2627 Caroli
1483 2584 1618 2626 Ducis
1652 2584 1735 2626 201

229 2654 336 2713 Cap.
358 2655 436 2699 IV.
458 2656 528 2698 De
550 2657 816 2714 profectione
848 2656 1062 2714 Principis
1099 2655 1365 2714 Sigismundi
1398 2657 1442 2698 in
1477 2662 1618 2698 castra

370 2726 775 2784 Feketehalmensia
814 2759 1608 2774 ..............
1648 2726 1735 2768 202

228 2796 336 2855 Cap.
358 2799 412 2844 V.
435 2797 504 2841 De
525 2806 734 2857 occupata
747 2816 773 2843 a
786 2801 960 2844 Polonis
975 2799 1206 2856 Moldavia‚
1228 2815 1279 2843 ac
1301 2799 1435 2842 literis
1459 2797 1613 2840 Chami

370 2869 650 2914 Tartarorum
670 2872 726 2915 ad
746 2873 910 2929 Regem
925 2873 1131 2916 Poloniae
1174 2901 1607 2917 ........
1648 2869 1736 2913 203

228 2940 335 3002 Cap.
356 2940 434 2987 VI.
461 2943 530 2986 De
549 2943 829 3002 'expeditione
851 2945 1116 3002 Sigismundi
1139 2944 1353 3000 Principis
1380 2947 1530 2984 contra
1551 2940 1614 2984 Si-

370 3030 528 3058 nanum
563 3023 775 3074 suscepta,
811 3018 1089 3076 collectisque
1117 3017 1338 3060 hincinde
1363 3015 1497 3072 copiis
1540 3049 1549 3059 .
1598 3048 1608 3059 .
1649 3014 1737 3058 205
