2112 3288
6 623 30 777 tm-J-stax'aeaoea,v
10 567 21 593 ν·
10 534 16 540 ⁴
17 495 26 505 .-

639 143 703 175 DE
730 143 837 175 111111.
868 143 979 176 VNG.
1009 143 1116 175 mcc.
1146 145 1191 175 x.
1220 146 1262 175 L.
1293 146 1358 176 111.
1540 190 1548 193 q
1685 133 1751 179 39

664 352 902 403 CAPVT
942 351 1340 403 SECVNDVM.

431 475 509 523 De
537 476 685 525 Petro
712 474 921 539 quodam
947 473 1248 522 Moldnwiam
1279 483 1556 536 occupante.

383 586 609 646 Interea,
648 585 760 634 dum
787 584 912 633 haec
936 583 1004 632 ibi
1038 588 1276 646 aguntur,
1317 582 1499 632 Petrus
1539 584 1749 647 quidam,

238 668 289 718 in
314 667 601 719 Moldaviae
626 669 886 734 Principes
913 683 1072 732 genus
1107 683 1245 718 suum
1284 668 1536 728 referens,
1577 668 1749 717 ascitis

241 752 338 802 sibi
363 753 610 802 nonnullis
636 754 686 802 in
712 752 967 812 Poloniae,
996 751 1309 815 Russiaeque
1335 751 1515 801 finibus
1543 751 1748 800 militum

239 837 409 902 copiis,
433 838 689 887 tumultum
726 838 776 886 in
814 836 1074 902 provincia
1099 835 1189 885 illa
1228 850 1324 884 non
1353 835 1584 899 exiguum
1620 835 1748 884 exci-

236 920 374 970 tavit.
401 918 735 971 Contraxerat
774 920 902 969 enim
941 936 1038 969 non
1065 920 1298 984 exiguam
1339 934 1581 983 vagorum
1622 919 1746 967 mili-

235 1010 336 1057 tum
361 1012 570 1068 manum,
598 1021 722 1071 quos
750 1004 984 1054 Cozakos
1011 1005 1162 1068 vulgo
1178 1010 1372 1066 vocant,
1401 1005 1559 1053 ferum
1588 1018 1745 1068 genus

236 1090 496 1151 hominum,
522 1090 572 1138 in
584 1089 849 1155 paludibus
874 1088 1211 1154 Borysthenis
1224 1103 1315 1152 per
1329 1093 1574 1137 aestatem
1588 1088 1748 1152 pisca-

235 1174 368 1224 tione
405 1173 555 1223 vitam
580 1173 881 1233 tolerantes,
921 1176 971 1221 et
996 1172 1185 1220 vicinos
1215 1173 1436 1233 Turcas,
1478 1172 1744 1221 Tartaros-

238 1273 358 1323 que,
398 1272 491 1306 nec
526 1271 624 1305 non
662 1256 924 1306 Moldavos
964 1255 1208 1305 continuis
1241 1256 1348 1304 fere
1380 1255 1745 1305 incursionibus

234 1341 555 1399 infestanteS‚
593 1340 664 1388 ita
690 1342 743 1387 ut
769 1338 1012 1387 nullarum
1038 1338 1252 1402 partium
1280 1338 1474 1386 omnino
1503 1338 1626 1399 sint,
1656 1339 1745 1388 sed

235 1438 524 1488 quocunque
550 1437 606 1471 se
632 1422 834 1471 fortuna
866 1421 1095 1476 inclinat,
1137 1437 1194 1471 eo
1220 1422 1561 1486 propendere,
1601 1438 1742 1485 prae-

235 1507 404 1558 sertim
444 1506 488 1554 si
511 1506 725 1571 pretium
763 1505 1084 1567 interveniat,
1126 1507 1334 1555 soleant.
1364 1506 1546 1556 Petrus
1579 1507 1745 1571 igitur,

233 1592 417 1656 impetu
452 1589 502 1638 in
540 1604 748 1638 vacuam
785 1589 1092 1653 provinciam
1117 1590 1276 1651 fact0,
1316 1590 1530 1639 Iassiam
1564 1591 1744 1645 statim,

232 1676 284 1724 in
311 1689 409 1739 qua
434 1673 581 1723 sedes
606 1672 922 1737 Principatus
950 1677 1050 1734 est,
1079 1673 1234 1722 eiecto
1260 1673 1375 1723 inde
1402 1672 1637 1733 Chausio,
1666 1675 1748 1738 qui

232 1758 450 1817 interea,
489 1757 647 1827 donec
678 1771 836 1806 novus
863 1755 1104 1822 Princeps
1132 1757 1423 1818 adveniret,
1463 1757 1573 1808 iura
1609 1759 1747 1821 genti

233 1843 373 1892 ferae
398 1841 564 1903 dabat,
592 1845 822 1906 occupat,
862 1855 1016 1905 seque
1042 1855 1133 1905 pro
1172 1840 1407 1906 Principe
1447 1842 1655 1905 agnosci
1682 1843 1746 1890 ab

231 1925 460 1976 omnibus
485 1925 714 1991 imperat.
741 1925 894 1974 Mittit
919 1925 1053 1975 illico
1079 1925 1129 1974 in
1146 1926 1571 1991 Transylvaniam
1598 1926 1745 1976 etiam

233 2008 298 2059 ad
321 2009 631 2074 Principem,
668 2009 947 2072 iungendae
981 2024 1089 2058 cum
1116 2025 1175 2059 eo
1205 2010 1450 2059 amicitiae
1479 2025 1657 2069 causa,
1698 2016 1747 2060 et

232 2093 298 2143 ad
322 2091 503 2143 Aulam
531 2092 757 2142 similiter
784 2093 1048 2142 Turcicam
1074 2093 1321 2157 Legatos,
1359 2094 1441 2157 qui
1466 2094 1743 2144 indicarent

231 2192 340 2227 eum
381 2175 618 2226 Caesaris
656 2177 902 2241 imperata
941 2176 1214 2238 facturum,
1255 2182 1304 2227 et
1343 2178 1448 2227 eius
1486 2178 1741 2239 benefici0,

231 2267 339 2311 cum
366 2259 517 2310 solita
542 2260 715 2310 tributi
729 2261 878 2310 annui
902 2261 1140 2325 pensione
1154 2262 1510 2326 praefuturum.
1541 2263 1745 2323 Verum,

231 2350 282 2395 et
304 2344 492 2408 legatio
533 2345 639 2394 eius
677 2344 866 2395 reiecta
892 2361 922 2394 a
949 2342 1198 2405 Caesare,
1236 2350 1285 2395 et
1309 2346 1495 2395 bellum
1522 2347 1667 2396 simul
1692 2346 1742 2395 in

232 2443 343 2478 eum
370 2428 632 2478 decretum.
662 2427 775 2489 Sed,
804 2433 854 2477 et
879 2428 1122 2494 Princeps
1147 2431 1552 2494 Transylvaniae
1579 2431 1743 2479 admo-

235 2510 342 2560 nuit
366 2511 632 2574 hominem‚
659 2517 712 2562 ut
736 2513 845 2563 loco
873 2513 1086 2574 cederet,
1112 2530 1204 2564 nec
1230 2514 1569 2579 Principatum
1594 2513 1747 2563 invito

242 2593 476 2656 Caesare,
504 2596 595 2666 sed
619 2596 670 2644 in
688 2595 822 2646 Aula
836 2597 1068 2662 precibus
1096 2597 1320 2647 obtinere
1349 2602 1624 2647 conaretur.
1652 2596 1748 2644 Ve—

244 2693 351 2728 rum
375 2677 426 2727 id
451 2678 601 2731 Petro
626 2680 932 2746 peralienum
952 2682 1111 2731 visum
1138 2687 1240 2743 est,
1282 2697 1339 2732 eo
1368 2681 1498 2745 quod
1535 2684 1750 2745 putaret,

251 2766 302 2812 et
327 2766 470 2828 turpe
496 2765 612 2826 sibi,
640 2771 689 2815 et
712 2767 1067 2817 incommodum
1093 2768 1319 2827 futurum,
1347 2766 1389 2814 si
1415 2764 1549 2814 inani
1574 2764 1749 2812 verbo-

251 2862 360 2897 rum
384 2852 575 2897 terrore
601 2850 885 2913 perculsus,
926 2866 1068 2915 quem
1094 2842 1281 2909 locum,
1323 2849 1497 2897 comite
1536 2848 1746 2901 fortuna,

242 2936 426 2983 nactus
451 2932 642 2993 fuisset,
670 2950 778 2985 eum
803 2935 1005 3000 ignavia
1033 2935 1298 2986 desereret.
