2112 3288
600 193 665 225 nn
690 191 798 225 ΗΕΒ.
834 190 946 225 vna.
976 191 1085 224 nno,
1115 192 1160 223 x.
1190 192 1233 224 L.
1259 193 1304 225 x.
1518 200 1525 203 -
1611 176 1714 226 241,

216 308 427 358 alienum
465 324 592 371 esse,
631 314 714 359 aut
750 310 821 358 tui
847 308 1054 357 nominis
1089 308 1298 371 gloriam
1339 309 1607 360 obscurare
1643 312 1711 360 vi-

215 392 403 444 deatur.
434 393 594 455 Quale
619 410 746 444 nunc
769 395 968 442 allatum
996 392 1059 442 ad
1085 408 1175 442 nos
1202 398 1278 440 est
1317 394 1376 441 de
1415 395 1564 444 rebus
1590 396 1712 444 Mol-

212 477 425 539 (lavicis,
477 495 604 544 quae
642 495 740 528 non
779 479 886 527 sine
922 493 1103 542 magno
1148 477 1332 526 doloris
1372 493 1523 528 sensu
1563 480 1627 528 ad
1664 486 1712 530 te

209 563 494 626 scribimus;
521 569 668 629 atque
694 569 746 613 ut
759 563 911 628 paulo
927 563 1183 627 superiora
1197 566 1493 627 repetamus,
1526 570 1708 627 quanto

207 647 370 698 studio
392 654 448 699 et
473 649 782 699 contentione
807 654 966 699 tecum
981 648 1186 712 egimus,
1213 652 1266 696 ut
1290 652 1496 712 propter
1511 663 1710 698 causam

207 732 307 791 Dei
345 739 395 784 et
430 735 581 785 totius
625 732 940 783 Christianae
978 732 1281 798 reipublicae
1321 732 1530 781 salutem
1570 738 1618 782 et
1655 732 1711 781 li-

203 817 447 868 bertatem
486 835 517 868 a
556 819 831 868 Turcarum
871 817 1171 866 immanitate
1222 817 1592 877 defendendam,
1650 823 1698 867 te

200 902 360 966 ipsum
386 918 494 953 cum
519 903 619 953 filio
645 909 814 953 nostro
854 902 1145 952 charissimo
1172 901 1448 966 RudolphO,
1487 903 1706 967 Impera-

207 993 316 1038 tore
360 989 528 1051 elect0‚
584 990 859 1054 ceterisque
899 986 1196 1038 Christianis
1249 987 1554 1052 principibus
1601 1002 1710 1037 con-

208 1072 453 1137 iungeres,
465 1079 649 1124 certam
661 1075 999 1139 insignemque
1011 1074 1334 1134 occasionem,
1350 1078 1450 1122 tam
1458 1073 1707 1138 praeclari

210 1157 270 1208 de
296 1157 421 1218 Deo,
460 1159 520 1208 de
565 1159 660 1209 fide
704 1158 975 1220 Catholica,
1016 1164 1064 1209 et
1103 1159 1162 1207 de
1201 1158 1393 1208 nomine
1420 1155 1707 1207 Christiano

207 1243 439 1303 merendi,
472 1258 533 1293 ne
573 1244 858 1294 dimitteres,
910 1244 986 1293 Ac
1024 1245 1141 1293 licet
1179 1249 1292 1304 tum,
1347 1244 1410 1293 ob
1449 1243 1708 1295 nonnullas

209 1331 321 1377 tuas
347 1333 396 1378 et
420 1327 584 1393 Regni
609 1330 766 1395 ipsius
790 1330 1015 1394 privatas
1042 1330 1260 1378 rationes
1287 1329 1708 1398 dissimulandum,

205 1411 394 1478 tibique
432 1415 821 1480 compatiendum
861 1430 973 1464 esse
1012 1414 1420 1475 existimaremus,
1462 1414 1508 1462 si
1546 1414 1704 1463 minus

207 1497 260 1546 in
286 1513 395 1548 eam
422 1504 594 1564 aperte
609 1498 1003 1550 Christianorum
1019 1500 1292 1565 principum
1318 1499 1705 1549 coniunctionem

206 1587 378 1634 eontra
401 1584 785 1635 infensissimum
824 1591 873 1635 et
899 1601 1193 1635 communem
1229 1585 1420 1635 hostem
1447 1601 1575 1634 nunc
1601 1585 1703 1649 qui-

205 1667 314 1717 dem
339 1659 680 1731 descenderes,
719 1687 843 1720 neve
871 1671 934 1720 ad
961 1672 1066 1720 eius
1093 1670 1351 1719 audaciam
1378 1669 1701 1719 coercendam

203 1752 336 1802 vires
361 1757 473 1803 tuas
499 1754 778 1815 adhibereS,
809 1761 858 1805 et
883 1756 1160 1805 adiumenta
1185 1754 1350 1820 palam
1367 1755 1703 1804 subministra-

199 1840 530 1902 res3'semper
556 1843 719 1888 tamen
745 1839 867 1889 illud
891 1854 982 1903 pro
998 1844 1131 1888 certo
1146 1839 1424 1900 habuimus,
1450 1839 1574 1888 nihil
1603 1853 1700 1887 om-

137 1976 141 1981 ,
197 1920 312 1971 nino
337 1921 670 1987 impedimenti
696 1940 726 1973 a
750 1929 798 1973 te
825 1923 1029 1974 allatum
1056 1925 1130 1986 iri,
1160 1924 1415 1988 quominus
1444 1929 1493 1974 et
1508 1922 1701 1973 Caesar

198 2011 248 2056 et
272 2006 359 2056 alii
384 2006 655 2058 Christiani
693 2010 943 2075 principes
983 2026 1098 2059 suas
1125 2010 1329 2059 iniurias
1366 2010 1494 2059 iuste
1533 2025 1701 2075 prose-

196 2097 476 2157 querentur,
502 2098 551 2142 et
575 2094 742 2157 iugum
768 2095 1049 2144 saevissimi
1077 2095 1317 2161 Tyranni,
1359 2095 1496 2143 cuius
1540 2093 1695 2144 domi-

197 2176 349 2226 nandi
376 2176 590 2227 aviditas
617 2179 765 2228 nullis
792 2180 971 2229 finibus
1000 2180 1289 2239 continetur,
1329 2197 1359 2228 a
1396 2179 1500 2228 suis
1547 2178 1698 2228 cervi-

201 2261 339 2312 cibus
367 2251 686 2326 depellerent.
715 2263 783 2313 Vt
809 2269 970 2313 autem
996 2263 1103 2327 ipse
1132 2262 1417 2313 Catholicos
1444 2264 1695 2328 principes

199 2351 250 2396 et
274 2344 588 2397 Christianae
626 2349 739 2398 fidei
777 2349 1064 2398 defensores
1100 2349 1150 2398 in
1177 2350 1451 2399 Turcarum
1488 2349 1699 2413 gratiam

198 2441 528 2497 oppugnares,
553 2438 700 2498 teque
739 2450 845 2483 cum
883 2435 1093 2484 inimicis
1128 2435 1285 2484 crucis
1312 2433 1502 2484 Christi
1527 2435 1596 2484 ita
1621 2449 1698 2484 co-

196 2518 411 2583 pulareS,
462 2523 515 2567 ut
550 2523 636 2568 tua
674 2536 768 2585 ope
807 2536 974 2571 eorum
1014 2521 1151 2570 furor
1191 2524 1239 2570 et
1289 2520 1364 2568 vis
1419 2523 1696 2583 augeretur,

199 2603 359 2652 nostri
383 2617 480 2652 non
505 2604 662 2654 solum
689 2605 1077 2668 debilitarentur,
1104 2612 1251 2671 atque
1264 2606 1314 2654 in
1327 2606 1436 2670 ipso
1462 2604 1697 2653 victoriae

198 2701 344 2738 cursu
369 2687 751 2750 retardarentur,
791 2691 879 2739 sed
917 2692 966 2739 in
1006 2691 1305 2755 gravissima
1332 2690 1556 2754 pericula
1583 2704 1691 2737 con-

197 2773 489 2823 iicerentur:
516 2772 610 2822 hoc
635 2774 696 2823 de
721 2780 770 2823 te
794 2791 893 2826 non
919 2776 1063 2825 modo
1102 2791 1199 2826 non
1226 2774 1562 2838 cogitavimus,
1605 2772 1693 2821 sed

197 2872 259 2907 ne
295 2857 471 2906 leviter
509 2858 703 2927 quidem
736 2861 973 2925 suspicati
1012 2877 1245 2926 unquam⁴
1265 2874 1463 2909 sumus:
1502 2858 1618 2922 quin
1647 2861 1695 2905 et

198 2957 327 2991 nunc
365 2942 447 2991 vix
489 2942 664 2992 adduci
701 2939 974 3008 possumus,
1026 2952 1079 2995 ut
1105 2962 1164 2995 ea
1213 2962 1243 2993 a
1282 2948 1331 2991 te
1369 2947 1483 2991 acta
1522 2941 1690 2991 creda-

199 3041 320 3088 muS,
348 3042 479 3091 quae,
499 3032 729 3091 tanquam
747 3044 865 3078 vera
879 3035 928 3079 et
941 3030 1216 3079 indubi÷ata
1229 3028 1517 3077 referuntur.
1546 3026 1696 3075 Aiunt

258 3132 707 3164 nonvM.uan.n1sr.-
722 3133 970 3163 semp-roms
983 3135 1075 3163 xvu.
1500 3121 1553 3164 16
