2112 3288
408 121 508 172 120
938 138 1001 171 10.
1029 139 1159 171 Drion
1187 139 1381 171 BAuovu

405 255 454 304 in
484 255 593 319 ipso
621 255 825 305 consilio
853 254 1173 318 disquireret:
1201 271 1313 304 ecce
1342 271 1486 318 quam
1518 254 1904 326 commodissime

406 344 803 402 supervenerunt
850 339 1005 401 legati
1043 338 1296 388 Pontificis
1334 340 1562 398 Maximi,
1615 338 1908 388 Archiducis.

408 421 658 482 Austriae,
687 427 736 470 et
762 421 1003 485 Proregis
1029 422 1285 486 Vngariae
1310 423 1570 484 inferioris,
1606 423 1781 486 quibus
1809 437 1924 482 oms

340 514 345 516 “
408 506 568 565 nibus,
606 510 658 554 ut
685 505 745 554 de
776 505 872 555 hac
911 507 1022 571 ipsa
1058 522 1112 555 re
1146 516 1252 556 cum
1290 507 1519 572 Principe
1553 512 1772 570 agerent,
1797 521 1908 571 pro-

408 590 620 653 positum
645 589 772 638 idem
803 604 1055 653 unumque
1081 591 1185 639 fuit.
1211 592 1281 640 Iis
1297 607 1403 640 cum
1418 595 1634 651 senatus,
1660 589 1908 654 postulan-

408 673 553 733 tibus,
605 677 795 722 secreto
833 689 891 722 ac
946 673 1227 736 singulatim
1266 676 1406 724 datus
1447 675 1648 733 fuisset,
1701 687 1911 738 coepere

410 757 636 820 pluribus
676 758 843 806 verbis
889 757 1121 822 Principi
1172 775 1230 807 ac
1266 760 1357 808 toti
1408 757 1610 807 consilio
1637 757 1913 817 ostendere,

412 839 653 902 quomodo
690 840 903 889 Barbari
941 846 1112 890 contra
1149 842 1225 890 ius
1264 843 1438 905 fasque
1473 841 1709 904 imprimis
1747 841 1915 903 Vnga-

411 922 550 970 riam.
578 922 755 971 deinde
782 938 873 986 per
890 910 1007 971 fata
1033 924 1136 972 eius
1164 915 1440 972 universum
1459 967 1463 972 ,
1481 922 1816 973 Christianum
1841 937 1915 971 or-

412 1007 539 1064 bem,
566 1006 658 1052 sub
689 1005 1078 1054 immanissimae
1104 1006 1382 1070 tyrannidis
1408 1007 1574 1068 iugum
1598 1007 1790 1055 mittere
1816 1010 1913 1054 sta-

413 1088 608 1137 tuerint.
638 1088 882 1147 Quamvis
913 1093 1075 1137 autem
1102 1090 1472 1153 Transylvania
1495 1090 1606 1153 ipsa
1630 1089 1794 1139 multis
1818 1089 1917 1138 iam

415 1171 557 1220 annis
584 1171 800 1234 Imperio
842 1171 1058 1220 Turcico
1105 1171 1269 1231 affixa,
1309 1173 1601 1222 mediocrem
1624 1187 1823 1236 pacem,
1861 1186 1920 1220 ac

417 1253 826 1316 tranquillitatem
846 1254 1073 1302 habuerit
1089 1273 1098 1302 :
1126 1259 1351 1303 constare
1364 1259 1529 1304 tamen
1542 1256 1778 1315 omnibus,
1793 1253 1922 1318 quod

417 1352 507 1385 nec
532 1336 668 1400 ipsos
684 1336 1070 1402 Transylvanos
1108 1338 1300 1394 lateret,
1335 1353 1478 1401 quam
1518 1338 1672 1387 dirum
1709 1336 1922 1390 Sinanus

419 1421 738 1485 propositum,
769 1435 831 1469 ex
858 1421 1174 1485 praescripto
1202 1437 1260 1469 ac
1275 1436 1515 1470 consensu
1528 1422 1786 1486 ipsiusmet
1799 1419 1925 1470 an-

424 1504 568 1565 saris,
596 1502 803 1567 primum
818 1503 1105 1566 Vngariam,
1121 1504 1297 1554 dehinc
1320 1505 1736 1569 Transylvaniam
1749 1504 1923 1568 ipsam,

423 1592 569 1650 atque
597 1587 721 1635 adeo
762 1591 914 1635 totum
943 1585 1275 1636 Christianum
1315 1589 1483 1637 orbem
1519 1588 1767 1652 tyrannidi
1805 1601 1925 1652 suae

425 1671 715 1719 subiiciendi
745 1671 1036 1735 susceperit.
1067 1671 1256 1730 Quibus
1283 1673 1505 1721 omnibus
1532 1672 1655 1721 satis
1682 1687 1926 1736 superque

426 1755 765 1814 consideratis,
808 1755 1084 1814 statuimus,
1124 1755 1367 1818 inquiunt,
1420 1756 1687 1804 coniunctis
1738 1756 1926 1804 viribus

427 1854 486 1888 ac
523 1838 744 1887 consiliis
785 1855 923 1887 arma
961 1844 1132 1887 contra
1171 1839 1360 1887 iuratos
1411 1838 1682 1888 Christiani
1718 1839 1927 1888 nominis

426 1922 597 1970 hostes
650 1936 881 1982 sumere,
913 1937 972 1982 ac
999 1936 1192 1971 sacram
1230 1938 1364 1971 more
1391 1923 1626 1971 maiorum
1652 1929 1931 1974 nostrorum

430 2005 791 2068 expeditionem
820 2006 1087 2067 suscipere.
1127 2005 1342 2054 Proinde
1381 2021 1487 2054 cum
1525 2011 1573 2054 et
1597 2021 1687 2055 vos
1713 2007 1930 2057 eiusdem

431 2089 607 2151 gentis,
643 2089 862 2137 eiusdem
901 2090 1173 2152 religionis,
1222 2090 1440 2138 eiusdem
1479 2090 1686 2153 denique
1725 2091 1932 2155 periculi

432 2172 644 2221 societas
682 2173 826 2222 nobis
865 2174 1168 2236 obstringat:
1205 2178 1466 2236 antequam
1503 2174 1762 2237 quicquam
1786 2172 1934 2238 ,moli-

432 2269 608 2309 remur,
633 2255 875 2303 voluimus
903 2271 994 2303 vos
1021 2261 1271 2304 tantorum
1295 2256 1581 2320 principum,
1622 2261 1769 2319 atque
1807 2257 1931 2306 adeo

431 2336 581 2386 totius
609 2334 881 2385 Christiani
908 2337 1043 2385 orbis
1084 2337 1294 2397 nomine,
1337 2338 1466 2386 serio
1507 2351 1718 2398 monere,
1744 2343 1798 2387 ut
1821 2354 1931 2403 per-

435 2425 606 2484 specto
634 2424 872 2481 extreme,
902 2421 1032 2483 quod
1060 2421 1200 2469 vobis
1229 2420 1379 2482 iuxta,
1407 2437 1466 2469 ac
1491 2421 1633 2470 nobis
1647 2421 1933 2483 immineret,

436 2502 728 2562 discrimine,
777 2502 827 2560 in
877 2503 1163 2552 societatem
1216 2503 1345 2551 sacri
1396 2503 1537 2552 huius
1577 2503 1709 2563 belli,
1760 2506 1933 2562 contra

434 2586 660 2653 publicos
687 2586 1273 2649 cummunesquehostes,
1301 2591 1475 2650 sponte
1513 2601 1602 2634 vos
1639 2587 1783 2635 nobis
1823 2602 1933 2643 con-

438 2668 722 2733 iungeretis.
750 2668 934 2719 Audita
962 2670 1054 2718 hac
1083 2669 1357 2732 legatorum
1393 2670 1627 2731 oratione,
1670 2669 1936 2719 honorifice

439 2749 680 2817 Princeps
708 2769 795 2803 eos
822 2754 1034 2814 habitos,
1061 2755 1206 2813 bona,
1232 2758 1285 2802 ut
1324 2754 1546 2814 decebat,
1585 2768 1691 2802 cum
1715 2767 1805 2817 spe
1826 2770 1856 2802 a
1881 2767 1936 2801 se

442 2828 637 2885 dimisit.
665 2838 741 2886 Ne
770 2842 931 2886 tamen
958 2837 1217 2900 quiequam
1246 2836 1350 2884 sine
1378 2836 1596 2885 consiliis
1623 2851 1804 2897 eorum,
1819 2851 1935 2899 quo-

441 2937 546 2970 rum
571 2922 830 2989 prudentia
855 2921 1064 2971 feliciter
1080 2920 1263 2972 tamdiu
1283 2920 1586 2986 provinciam
1600 2919 1935 2971 administras-
