2112 3288
607 178 670 210 DE
697 178 805 211 REB.
833 178 944 211 VNG.
972 168 1079 212 Duc.
1108 179 1154 213 x.
1180 180 1224 212 L.
1252 181 1297 212 X.
1521 202 1529 205 <
1598 166 1718 219 271,

198 293 429 344 Andreas
456 292 681 351 Baresai,
709 293 791 355 qui
819 308 925 341 oum
954 309 1107 355 aeger
1145 300 1260 342 tune
1293 301 1426 344 esset
1452 297 1612 345 animo
1658 303 1706 346 et

199 391 420 442 corpore,
473 376 747 426 Zolnokum
787 381 952 425 tamen
991 377 1039 426 in
1080 378 1417 441 captivitatem
1456 381 1702 430 abductus

195 466 285 511 est.
313 461 392 511 Ita
416 460 560 526 pauci
601 476 663 510 ex
702 460 833 510 omni
871 475 1074 510 numero
1117 460 1319 510 militum
1347 460 1709 525 Vngarieorum

195 541 324 595 salvi
348 544 412 594 ad
438 559 556 594 suos
582 558 804 594 evasere.
856 543 914 591 In
951 544 1147 608 plebem
1186 549 1350 594 tamen
1377 560 1565 596 summa
1589 561 1707 596 usus

197 633 276 679 est
301 628 577 690 elementia,
605 632 654 677 et
685 632 947 693 postquam
974 627 1171 692 publico
1200 628 1360 679 edicto
1389 629 1450 679 ad
1477 630 1707 680 obedien-

193 713 315 762 tiam
338 713 706 779 praestandam‚
735 717 784 762 et
809 719 993 762 terram
1020 712 1278 762 colendam
1303 713 1576 764 mitissimis
1598 729 1709 765 sua·

194 792 418 848 sionibus
445 814 552 848 eam
581 796 874 848 adhortatus
900 798 1104 859 fuisset,
1159 798 1409 863 sportulas
1449 799 1596 849 etiam
1625 800 1707 850 ad-

194 881 324 945 iecit,
352 889 402 933 et
426 899 657 947 magnum
683 898 937 932 numerum
965 883 1191 946 argentei
1210 883 1518 933 numismatis
1537 885 1707 950 (aspe-

195 981 279 1016 ros
305 968 565 1027 vocamus)
593 967 643 1016 in
670 967 870 1031 vulgum
887 967 1088 1032 sparsit.
1111 967 1228 1016 Mox
1244 972 1404 1017 certos
1421 968 1504 1032 qui
1519 966 1706 1032 Agriae

194 1057 498 1116 praeessent,
527 1056 575 1101 et
600 1052 768 1102 ruinas
795 1052 925 1102 areis
951 1057 1100 1116 atque
1128 1052 1296 1118 oppidi
1323 1052 1597 1114 reficerent,
1641 1068 1702 1101 ex

195 1136 400 1186 oonsilio
428 1136 614 1199 deligit,
643 1152 700 1187 eo
729 1138 904 1198 animO,
931 1141 984 1186 ut
1010 1137 1216 1186 ulterius
1232 1152 1590 1201 progressurus
1606 1136 1705 1184 To·

195 1219 377 1282 kaium,
401 1218 694 1271 Oassoviam
721 1225 770 1270 et
797 1227 992 1271 eeteras
1007 1221 1263 1285 Vngariae
1290 1221 1528 1285 reliquias
1556 1221 1703 1271 Vien-

194 1320 306 1354 nam
330 1319 488 1370 usque
515 1306 688 1356 eodem
726 1305 965 1356 victoriae
999 1322 1145 1355 eursu
1184 1305 1419 1371 diriperet
1468 1310 1615 1370 atque
1654 1306 1703 1354 in

192 1393 491 1452 potestatem
516 1389 781 1453 redigeret.
813 1391 890 1439 Ita
918 1390 1044 1439 enim
1070 1390 1239 1439 faeere
1256 1393 1512 1450 statuerat,
1540 1394 1589 1438 et
1607 1389 1702 1439 Le-

194 1472 327 1536 gatis
351 1472 615 1533 PolonieiS,
656 1475 738 1538 qui
773 1474 836 1523 ad
864 1473 1109 1537 Segedum
1138 1472 1348 1524 Caesari
1374 1479 1703 1535 occurrerant,

191 1557 512 1621 praedixerat
548 1559 671 1620 fore,
708 1565 761 1608 ut
800 1565 947 1624 capta
973 1558 1136 1623 Agria
1175 1563 1223 1608 et
1263 1559 1441 1607 ceteris
1470 1558 1534 1607 ad
1561 1558 1703 1608 Polo-

191 1640 324 1707 niam
348 1657 505 1707 usque
532 1640 789 1706 Vngariae
815 1643 995 1692 finibus
1021 1642 1163 1692 brevi
1194 1642 1244 1691 in
1270 1646 1572 1707 potestatem
1599 1642 1701 1701 (re-

193 1721 387 1792 dactis),
417 1724 619 1776 Polonis
647 1726 711 1775 ad
737 1742 791 1776 se
818 1726 1042 1776 vent-uris
1070 1726 1406 1790 compendium
1433 1726 1665 1775 efficeret·

572 2015 807 2068 OAPVT
847 2016 1340 2067 DVODECIMVM.

191 2123 268 2172 De
317 2123 620 2189 expeditione
661 2124 965 2192 Siqismuncli
1016 2125 1268 2190 Principis
1315 2125 1698 2189 Transylvaniae

515 2209 585 2259 ad
608 2227 742 2274 opem
767 2210 1083 2276 Ayriensibus
1096 2209 1375 2275 ferendam.

333 2315 610 2381 Agrienses
649 2318 855 2368 simulac
893 2335 947 2368 se
998 2336 1029 2369 a
1079 2318 1259 2368 Turois
1297 2318 1399 2383 peti
1437 2318 1695 2382 cognovis-

189 2405 312 2461 sent,
338 2405 528 2452 mature
555 2402 605 2451 id
631 2403 970 2453 Maximiliano
996 2403 1266 2453 Archiduei
1306 2409 1355 2453 et
1380 2401 1693 2467 Sigismundo

186 2483 648 2551 Transylvanorum
673 2488 894 2554 Principi
935 2488 1354 2553 significaverant,
1395 2493 1443 2537 et
1481 2492 1533 2537 ut
1571 2492 1689 2537 tem-

188 2569 434 2634 pestivam
458 2571 582 2637 ipsis
611 2587 754 2638 opem
779 2573 978 2634 ferrent,
1008 2574 1187 2623 obnixe
1209 2578 1485 2623 oraverant.
1513 2569 1576 2620 Se
1592 2571 1694 2634 qui-

189 2653 299 2703 dem
336 2654 447 2704 Deo
496 2656 623 2706 bene
661 2657 860 2707 iuvante
899 2657 1103 2709 daturos
1143 2673 1357 2723 operam,
1408 2660 1462 2705 ut
1501 2654 1692 2705 obsidio

188 2737 369 2788 diutius
396 2737 615 2800 dueatur,
640 2741 940 2806 barbarique
965 2742 1095 2796 intra
1122 2741 1307 2805 aliquot
1346 2754 1540 2789 menses
1573 2753 1691 2803 ope-

187 2838 293 2872 ram
318 2822 524 2872 cudant:
551 2824 643 2873 sed
668 2828 832 2875 tamen
857 2841 919 2875 ne
945 2827 1075 2876 omni
1098 2825 1317 2875 subsidio
1334 2824 1568 2887 destituti,
1594 2839 1689 2873 non

190 2905 381 2969 virtute,
433 2907 522 2956 sed
559 2923 761 2958 numero
798 2909 995 2960 tandem
1033 2910 1303 2967 vincantur,
1356 2924 1544 2958 summa
1595 2923 1689 2972 ope

188 2989 501 3055 Principibus
527 2991 805 3043 enitendum
831 3008 956 3044 esse.
991 2995 1068 3044 Ea
1093 3010 1148 3043 re
1176 2993 1373 3057 cognita
1393 2993 1688 3043 Maximilia—
