2112 3288
444 197 546 250 160
973 215 1039 252 10.
1066 216 1200 251 Dncn
1223 218 1421 253 BARovn

429 346 536 380 cum
559 331 665 381 iure
691 330 1124 395 primogeniturae,
1151 347 1207 381 eo
1235 347 1439 397 prorsus
1461 333 1616 395 m0d0,
1633 349 1727 398 quo
1741 338 1927 399 tempo-

429 414 567 463 ribus
599 413 799 463 Ioannis
844 411 1066 476 Secundi,
1093 412 1344 480 Stephani,
1367 421 1415 464 et
1437 414 1783 481 Christophori
1814 433 1925 483 pos-

435 512 577 546 sessa
602 497 707 559 fuit,
728 498 902 546 cedit0.
931 496 1031 547 Sed
1056 503 1105 547 et
1129 499 1331 548 mixtum
1345 500 1600 563 imperium
1626 501 1927 566 liberamque
1985 545 1988 547 .

434 580 819 630 iurisdictionem
845 579 974 629 idem
1000 579 1342 643 Sigismundus
1369 583 1554 632 habeat
1578 575 1832 649 PrincePS,
1857 586 1928 635 ita

432 667 609 723 tamen,
636 668 688 712 ut
714 662 961 726 legitimos
987 661 1243 726 Vssngariae
1268 664 1437 727 Reges
1462 666 1569 728 ipse
1596 671 1645 716 et
1670 682 1924 718 successo-

428 759 510 793 res
548 746 652 795 eius
689 761 780 810 pro
817 745 1052 808 legitimis
1084 747 1186 796 suis
1212 747 1433 810 Regibus
1482 756 1854 813 recognoscant,
1880 757 1930 800 et

434 828 686 878 fidelitatis
723 831 1044 878 iuramentum
1082 830 1206 894 ipsis
1244 845 1451 895 semper,
1482 833 1606 882 citra
1645 835 1731 883 vius
1763 840 1928 884 tamen

435 914 645 976 fruendi,
671 918 943 979 praestent.
997 913 1185 973 Quodsi
1210 914 1449 981 Princeps
1475 917 1526 966 in
1550 918 1773 981 legitima
1803 931 1928 967 mas-

436 997 654 1046 culorum
689 996 956 1046 haeredum
983 996 1115 1046 linea
1142 997 1385 1059 deficeret,
1428 998 1796 1062 Transylvania
1820 1007 1927 1050 cum

435 1080 641 1129 annexis
668 1080 714 1128 ei
740 1079 1004 1128 ditionibus
1030 1084 1264 1143 tanquam
1289 1097 1470 1143 verum,
1513 1088 1561 1131 et
1592 1082 1926 1148 inseparabile

435 1164 715 1223 membrum,
767 1163 957 1225 absque
1007 1164 1110 1212 ulla
1161 1166 1498 1214 controversia
1547 1167 1597 1215 in
1633 1171 1927 1231 potestatem

433 1245 590 1308 Regis
616 1245 871 1308 Vngariae
899 1245 1202 1306 devolvatur,
1228 1247 1299 1295 ita
1317 1252 1493 1310 tamen,
1531 1254 1584 1297 ut
1621 1248 1789 1312 Reges
1831 1248 1929 1314 ipsi

432 1333 692 1378 teneantur
720 1332 769 1376 et
793 1328 902 1377 iura
929 1328 1257 1393 municipalia,
1285 1330 1550 1393 privilegia
1588 1336 1636 1380 et
1669 1336 1927 1382 consuetu-

434 1411 573 1460 dines
598 1411 882 1475 provinciae
907 1425 1004 1460 una
1030 1426 1138 1460 cum
1164 1411 1508 1462 donationibus
1536 1419 1584 1464 et
1604 1414 1929 1479 inscriptioni-

433 1496 524 1544 bus
551 1499 689 1544 sarta
720 1499 949 1560 tectaque
988 1510 1298 1557 conservare,
1338 1497 1631 1561 solitumque
1669 1497 1929 1561 magistra-

436 1583 536 1627 tum
565 1594 627 1628 ex
654 1577 925 1628 Ordinibus
939 1579 1339 1643 Transylvaniae
1352 1579 1622 1643 provinciis
1636 1581 1920 1645 praeficere.

435 1660 621 1721 Quodsi
649 1662 987 1711 deficientibus
1014 1661 1247 1711 masculis
1297 1662 1592 1712 haeredibus
1630 1663 1760 1713 filias
1784 1659 1925 1712 I'rin-

432 1759 548 1808 ceps
573 1750 687 1808 post
712 1760 768 1793 se
793 1743 1061 1808 reliquerit,
1090 1744 1289 1793 cuilibet
1315 1761 1480 1794 earum
1500 1746 1568 1794 -de
1595 1746 1708 1795 dote
1736 1751 1926 1796 centum

433 1828 634 1877 millium
659 1828 952 1877 florenorum
977 1827 1310 1877 Rhenensium
1323 1828 1678 1892 providebitur.
1693 1828 1927 1891 Legitimi

432 1910 686 1974 Vngariae
728 1910 911 1973 Reges,
963 1925 1071 1959 cum
1096 1910 1416 1960 iuramentum
1454 1920 1607 1974 regno
1634 1911 1926 1974 Hungariae

436 1995 693 2058 deponent,
720 1994 1020 2058 peculiarem
1049 1994 1411 2058 specialemque
1444 1994 1735 2044 mentionem
1762 1995 1925 2045 Tran-

434 2078 692 2142 sylvaniae
718 2078 769 2126 in
795 2078 965 2127 eodem
989 2079 1259 2128 iuramento
1284 2078 1481 2128 facient.
1533 2077 1725 2128 Civitas
1752 2078 1800 2129 N
1803 2094 1923 2144 agy-

436 2161 611 2225 Banya
635 2161 972 2225 possidebitur
987 2160 1262 2226 aPrincipe
1277 2162 1679 2226 Transylvaniae
1711 2176 1770 2210 eo
1798 2162 1916 2223 iure,

436 2260 530 2308 quo
571 2243 823 2308 Stephano
862 2244 1026 2293 Primo
1062 2244 1299 2294 Poloniae
1338 2245 1468 2308 Regi
1518 2244 1702 2294 collata
1738 2245 1916 2293 fuerat.

433 2325 623 2376 Caesar
647 2326 918 2391 principem
945 2327 1344 2391 Transylvaniae
1382 2342 1472 2392 pro
1500 2327 1659 2376 libero
1691 2325 1923 2392 Principe

432 2411 756 2474 recognoscit,
798 2411 940 2474 eique
965 2412 1154 2461 titulum
1182 2411 1510 2461 Illustrissimi
1538 2411 1776 2473 concedit,
1802 2417 1851 2461 et
1875 2416 1927 2459 ut

435 2511 497 2543 ex
522 2493 1002 2563 Austriaca'familia
1026 2509 1149 2544 uxor
1174 2494 1219 2543 ei
1246 2495 1399 2555 detur,
1419 2506 1482 2542 ‘se
1509 2495 1790 2543 effecturum
1813 2509 1924 2559 pro-

432 2577 590 2648 mittit.
632 2575 731 2626 Sed
767 2582 821 2625 ut
853 2577 915 2626 ab
954 2576 1309 2640 Hispaniarum
1334 2576 1475 2639 Rege
1502 2576 1741 2641 Princeps
1771 2577 1925 2640 insig-

432 2662 607 2722 niatur,
624 2659 814 2710 Caesar
840 2675 893 2709 se
917 2665 1288 2725 procuraturum
1313 2660 1585 2724 pollicetur.
1614 2659 1921 2710 Auxiliorum

434 2735 763 2809 suppeditat-io
790 2749 954 2793 mutua
981 2749 1030 2792 et
1055 2744 1310 2808 reciproca
1337 2743 1443 2805 erit,
1470 2748 1614 2806 prout
1650 2742 1925 2792 necessitas

434 2822 575 2877 huius
600 2829 681 2876 vel
706 2827 838 2876 illius
876 2827 1034 2891 partis
1072 2826 1412 2890 postulaverit,
1464 2827 1534 2875 ita
1573 2831 1626 2875 ut
1650 2826 1923 2890 ubicunque

434 2911 588 2960 maior
613 2910 891 2960 necessitas
918 2909 1171 2973 ingruerit,
1213 2924 1271 2958 eo
1304 2908 1561 2959 coniuncta
1602 2909 1786 2958 auxilia
1811 2904 1922 2958 con-

432 2999 700 3045 vertantur.
728 2993 808 3042 Ad
832 2993 958 3043 haec
987 2998 1040 3042 ut
1065 2993 1336 3043 Romanum
1364 2992 1628 3058 Imperium
1674 2991 1922 3055 Principis
