2112 3288
422 201 524 250 306
938 214 1001 246 10.
1029 213 1162 247 DEeu
1188 214 1385 248 BARovn

417 335 612 394 temque
632 329 767 377 ‘vitae
794 344 899 377 cum
930 329 1226 378 iucunditate
1245 330 1557 387 ‘coniunctam
1584 329 1760 378 sectati
1787 329 1909 377 sint:

421 428 513 476 ego
541 428 658 461 vero
699 413 759 461 ob
787 412 1033 475 publicam
1060 413 1252 477 patriae
1281 412 1489 461 salutem
1514 412 1566 460 id
1590 412 1783 460 faciam.
1812 412 1910 460 De-

416 496 562 559 nique
598 494 706 543 non>
737 495 930 559 disputo
968 495 1017 543 in
1054 495 1471 559 praesentiarum,
1523 510 1616 558 quo
1656 495 1760 544 iure
1797 495 1912 543 olim

413 578 791 642 -Transylvania
830 580 892 627 ab
919 578 1145 640 Vngaria
1184 579 1248 627 sit
1274 579 1480 638 divulsa,
1524 592 1682 641 quave
1721 577 1912 626 ratione

418 660 689 723 Principes,
718 661 798 724 qui
825 677 900 709 me
925 661 975 709 in
1001 662 1357 724 gubernatione
1377 665 1771 725 praecesserunt,
1798 674 1914 724 pro·
1938 696 1941 699 »

416 745 624 793 vinciam
662 745 791 793 hanc
818 745 1163 807 gubernarint:
1205 745 1297 793 hoc
1334 750 1518 793 tantum
1559 744 1666 791 11160
1706 747 1754 791 61
1779 757 1913 791 asse-

416 843 549 890 vero,
578 827 996 892 Transylvaniam
1033 829 1144 876 inde
1183 843 1337 891 usque
1378 829 1439 876 ab
1479 827 1616 876 initio
1644 825 1913 889 legitimum

421 927 631 962 coronae
671 910 929 974 Vngariae
974 912 1238 960 membrum
1278 912 1517 960 extitisse.
1593 909 1722 968 Quid
1760 908 1914 972 iniqui

415 996 565 1058 igitur
591 1010 703 1043 esse
727 999 903 1058 potest,
932 994 975 1043 si
1003 1009 1097 1058 quo
1126 1000 1272 1043 antea
1296 995 1404 1058 ipso
1431 994 1536 1043 iure
1562 991 1807 1057 pertinuit,
1835 1006 1912 1040 60-

418 1080 526 1127 116111
540 1095 638 1127 11011
654 1078 802 1126 armis
822 1093 880 1126 ac
895 1078 1142 1133 violentia,
1159 1077 1246 1126 sed
1260 1077 1363 1125 iure
1378 1077 1694 1140 legitimaque
1720 1075 1912 1124 ratione

415 1162 692 1223 reducatur,
734 1165 781 1208 et
825 1161 956 1224 quod
993 1161 1142 1209 armis
1182 1177 1212 1208 a
1251 1175 1437 1209 summo
1466 1158 1736 1208 Christiani
1775 1157 1910 1206 orbis
1949 1169 1952 1172 ·

417 1243 689 1294 Monarcha
714 1244 876 1308 repeti
914 1249 1099 1308 posset,
1142 1244 1193 1291 id
1229 1243 1461 1306 legitimis
1499 1242 1661 1307 pactis
1694 1241 1912 1304 legitimo

416 1327 698 1393 possessori
722 1326 1050 1376 restituatur?
1076 1327 1316 1391 Equidem
1354 1342 1444 1390 per
1472 1331 1683 1376 aetatem
1708 1324 1825 1373 mihi
1849 1323 1911 1372 iis

417 1413 565 1461 rebus
589 1412 831 1460 interesse
857 1425 954 1459 non
981 1411 1128 1460 1161111.
1169 1411 1353 1460 Verum
1385 1425 1482 1458 non
1509 1409 1675 1459 dubito
1703 1406 1913 1472 complu-

416 1511 498 1544 res
526 1511 587 1544 ex
613 1494 755 1543 vobis
783 1509 894 1542 esse
929 1494 1033 1542 eius
1061 1493 1256 1554 aetatis,
1296 1494 1379 1556 qui
1417 1497 1466 1542 et
1503 1492 1822 1541 meminerunt
1861 1494 1910 1539 et

418 1580 742 1628 interfuerunt
768 1577 933 1627 unioni
958 1577 1045 1638 illi,
1074 1592 1218 1640 quam
1238 1576 1398 1626 Divus
1424 1578 1637 1625 Ioannes
1654 1573 1905 1625 Secundus

419 1663 641 1726 agitavit,
685 1662 795 1710 dum
836 1666 969 1710 esset
1007 1663 1059 1709 in
1097 1662 1239 1722 vivis,
1280 1661 1369 1710 sed
1406 1665 1560 1710 morte
1595 1663 1908 1724 praeventuS,

417 1746 480 1794 ad
505 1746 787 1795 umbilicum
815 1745 1082 1808 perducere
1120 1760 1217 1793 non
1242 1745 1411 1808 potuit.
1452 1743 1661 1792 Possem
1686 1740 1910 1804 equidem

420 1835 468 1878 61
494 1830 661 1894 plures
687 1829 830 1877 huius
868 1829 963 1877 mei
989 1829 1181 1877 consilii
1216 1828 1432 1878 rationes
1460 1829 1653 1887 afferre,
1692 1825 1781 1874 sed
1807 1838 1914 1872 cum

419 1912 631 1977 sapienti
657 1912 1038 1975 uniuscuiusque
1065 1916 1282 1959 vestrum
1307 1910 1485 1959 iudicio
1513 1908 1804 1972 cogitandas
1826 1919 1913 1954 eas

415 1996 700 2059 relinquam,
728 1995 774 2043 61
797 1995 960 2044 labori
974 1994 1324 2058 supersedebo.
1356 1993 1499 2053 Quod
1538 1996 1780 2056 superest,
1808 1990 1911 2039 scio

417 2095 494 2127 me
519 2080 581 2127 ob
607 2078 900 2142 multiplices
926 2078 1155 2128 iuvenilis
1182 2078 1360 2127 aetatis
1387 2091 1572 2126 naevos
1605 2080 1704 2124 tam
1730 2074 1909 2138 impru-

419 2163 596 2223 dentia,
651 2178 795 2225 quam
835 2162 943 2210 aliis
982 2162 1138 2210 modis
1177 2161 1330 2210 multa
1364 2160 1645 2224 deliquisse,
1698 2172 1822 2221 quae
1859 2156 1910 2204 in

419 2261 602 2296 summo
653 2246 746 2294 hoc
786 2246 988 2308 fastigio
1030 2245 1284 2308 dignitatis
1322 2243 1428 2292 fieri
1467 2243 1659 2291 minime
1687 2241 1911 2290 debeant.

420 2328 517 2377 Sed
544 2344 651 2377 cum
678 2328 729 2376 in
759 2329 809 2375 id
858 2343 1051 2392 semper
1089 2343 1195 2377 meo
1236 2327 1427 2390 quidem
1466 2325 1642 2374 iudicio
1692 2322 1914 2371 omnibus

417 2412 585 2462 nervis
613 2411 717 2459 dies
757 2416 903 2474 atque
935 2415 1105 2459 noctes
1131 2409 1446 2470 incubuerim,
1484 2413 1537 2456 ut
1561 2406 1731 2456 Divini
1761 2403 1915 2453 nomi-

417 2496 495 2544 nis
523 2494 686 2557 gloria
710 2499 1097 2558 promoveretur,
1128 2495 1366 2555 saluaque
1393 2491 1556 2556 patria
1596 2494 1733 2538 sarta
1766 2492 1913 2536 tecta-

419 2595 513 2644 que
538 2583 781 2628 maneret:
822 2592 1029 2641 aequum
1055 2581 1186 2625 certe
1212 2575 1372 2632 fuerit,
1399 2579 1451 2623 ut
1492 2574 1536 2622 si
1574 2572 1689 2637 quid
1713 2574 1912 2636 praeter

421 2679 558 2729 spem
583 2667 798 2725 vestram
826 2660 1061 2719 evenerit,
1088 2660 1138 2707 id
1162 2658 1282 2708 mihi
1307 2658 1401 2707 hac
1426 2657 1550 2706 hora
1565 2655 1776 2718 benigne
1803 2668 1913 2702 con-

421 2748 625 2811 donetis.
655 2745 708 2795 Si
736 2744 844 2809 quis
865 2744 980 2792 mihi
1007 2743 1218 2803 obiiciat,
1245 2742 1453 2804 rigidius
1467 2756 1558 2801 me,
1591 2755 1650 2788 ac
1676 2737 1912 2796 3617611113,

422 2846 565 2895 quam
591 2831 718 2878 forte
746 2828 1005 2887 decuisset,
1032 2825 1285 2889 imperium
1312 2823 1619 2872 exercuisse:
1645 2821 1695 2869 id
1721 2820 1913 2883 quidem

421 2932 518 2965 non
546 2915 768 2974 diffiteor,
810 2911 898 2961 sed
935 2910 1125 2959 interim
1165 2909 1319 2958 iustas
1346 2908 1441 2957 11161
1480 2906 1672 2954 consilii
1697 2904 1912 2953 rationes

421 2997 592 3048 habeo
622 2996 981 3046 Praevidebam
1005 2994 1145 3058 enim,
1177 3007 1234 3040 ac
1259 2993 1370 3056 ipsa
1402 3005 1456 3038 16
1489 2987 1913 3054 deprehendebam

2087 3075 2112 3286 &vfflffflzzstfflvv
2105 3032 2112 3068 ›iv-i
2104 2970 2112 2990 ..ι
2108 2953 2112 2959 ,ψ
2094 2879 2108 2892 ’ν
2091 2862 2093 2869 ,
