2112 3288
615 175 678 207 DE
705 173 812 207 nnn.
841 171 953 206 vno.
983 170 1094 204 nne.
1123 170 1168 204 x,
1198 170 1240 202 12.
1268 169 1338 203 111.
1536 216 1544 219 q
1640 153 1707 203 63

212 307 285 356 e0,
311 308 407 358 quo
432 305 556 357 opus
592 290 670 351 sit,
710 288 773 338 ad
809 286 1066 338 ferendam
1092 286 1439 336 laborantibus
1467 300 1622 350 opem,
1662 285 1705 333 si

211 380 262 430 id
286 378 559 432 necessitas
585 376 768 439 exigat,
808 374 918 424 duci
958 373 1187 423 continuo
1214 371 1389 437 possit.
1426 371 1503 420 Ne
1530 375 1703 429 autem,

214 465 277 516 ob
312 462 386 513 rei
424 461 737 527 pecuniariae
784 459 1131 516 difficultateS,
1183 456 1369 521 aliquid
1422 452 1713 504 incommodi

212 546 496 613 respublica
521 546 752 612 patiatur,
806 559 934 593 novo
961 545 1110 608 plane
1138 541 1380 606 exemplo,
1409 556 1469 589 ea
1494 539 1623 589 ratio
1641 554 1716 588 co-

212 630 671 704 gendae„publicae
704 627 943 694 pecuniae
989 632 1066 677 est
1102 627 1317 686 invecta,
1370 629 1423 674 ut
1466 622 1717 674 Nobilitas

214 715 386 778 omnis,
412 715 630 782 supremi
655 715 807 776 iuxta,
852 729 918 763 >ae
956 711 1206 763 inferioris
1246 710 1460 769 ordinis,
1513 725 1544 758 a
1569 708 1719 758 tritici

217 801 428 866 singulis
453 800 649 864 gelimis
677 799 774 859 (ita
801 798 1000 848 vicenos
1027 803 1077 847 et
1103 796 1279 862 quinos
1307 809 1530 861 quosque
1569 793 1720 842 mani-

215 888 376 953 pulos,
402 885 453 935 in
479 885 720 935 cumulum
748 887 1032 948 congestos,
1058 883 1209 945 vulgo
1247 880 1405 930 nostri
1446 875 1720 944 appellant)

217 972 442 1038 singulos
467 986 705 1031 nummos,
732 970 898 1036 plebei
926 974 1103 1030 autem,
1129 973 1178 1017 et
1192 972 1473 1032 aggrestes,
1500 982 1531 1015 a
1557 964 1722 1030 quinis

218 1058 492 1124 quibusque
517 1055 714 1120 gelimis
752 1054 1053 1121 tantumdem
1108 1053 1402 1118 dependant.
1458 1049 1720 1101 Saxonicis

216 1142 437 1203 urbibus,
487 1146 537 1190 et
586 1141 766 1191 ceteris
800 1139 1085 1205 provinciae
1113 1138 1323 1204 oppidis,
1357 1152 1448 1203 pro
1488 1137 1722 1200 cuiusque

220 1226 511 1287 conditione,
539 1229 674 1275 certa
701 1225 938 1291 pecuniae
966 1239 1155 1274 summa
1188 1223 1398 1273 inflicta:
1451 1222 1523 1272 sic
1560 1226 1609 1271 et
1646 1219 1723 1279 iis,

221 1311 304 1378 qui
341 1310 638 1377 pecuarium,
693 1314 964 1374 quaestum,
1018 1307 1228 1374 opificia,
1280 1323 1340 1357 ac
1377 1306 1545 1355 varias
1585 1305 1721 1354 artes

223 1400 470 1455 exercent,
519 1394 800 1459 impositum
841 1398 943 1455 est,
994 1399 1048 1443 ut
1085 1407 1255 1441 omnes
1292 1391 1491 1440 tandem
1517 1389 1568 1438 in
1590 1405 1719 1440 ¹com-

224 1496 366 1532 mune
391 1481 486 1530 hoc
511 1479 631 1530 belli
665 1479 937 1529 subsidium
965 1477 1152 1542 aliquid
1167 1478 1460 1527 conferrent.
1487 1476 1547 1525 Id
1559 1480 1724 1525 tamen

226 1565 457 1631 quicquid
482 1569 631 1626 esset,
658 1578 754 1613 non
779 1564 830 1612 in
857 1563 985 1612 alios
1011 1577 1145 1624 usus,
1184 1562 1283 1611 nisi
1320 1561 1370 1610 in
1398 1576 1499 1622 eos,
1528 1559 1611 1625 qui
1649 1575 1724 1608 re-

226 1664 343 1700 cens
369 1653 692 1712 emergerent,
720 1646 934 1698 Senatus
960 1647 1126 1709 totius,
1154 1651 1204 1696 et
1231 1646 1486 1696 duodecim
1512 1645 1725 1694 delecto-

151 1769 155 1771 >
225 1749 333 1784 rum
357 1733 618 1796 hominum,
671 1748 874 1798 quorum
911 1733 1107 1783 nomina
1144 1737 1258 1787 sunt
1294 1730 1506 1796 publicis
1542 1728 1726 1781 tabulis

188 1887 190 1889 ι
227 1820 428 1882 inserta,
455 1833 715 1881 consensu,
742 1819 806 1869 ab
832 1819 909 1881 iis,
937 1818 1020 1883 qui
1057 1818 1314 1883 pecuniam
1357 1817 1508 1878 illam,
1544 1820 1593 1865 et
1618 1830 1727 1865 con-

229 1904 476 1966 servandi,
525 1908 574 1953 et
614 1903 854 1968 erogandi
892 1907 1203 1969 potestatem,
1256 1901 1478 1951 ordinum
1513 1900 1727 1956 decretO,

231 1988 555 2054 accepissent,
581 1989 884 2053 gravissima
908 1988 959 2037 in
985 1991 1310 2037 temeratores
1349 1985 1583 2035 infamiae
1609 1989 1727 2034 nota

233 2067 476 2140 apposita,
502 2073 717 2138 impendi
756 2074 1027 2124 voluerunt.
1080 2071 1174 2121 His
1213 2069 1504 2131 constitutis,
1557 2069 1730 2134 dieque

233 2158 380 2219 dicta,
407 2158 472 2207 ad
497 2173 643 2224 quam
668 2158 930 2208 universae
970 2156 1254 2222 provinciae
1281 2155 1454 2221 copiae
1482 2154 1731 2214 adessent,

232 2249 444 2308 tuncque
468 2247 660 2309 postea,
687 2248 954 2310 perspecta
980 2243 1118 2309 prius
1159 2240 1329 2291 Sinani
1365 2242 1631 2301 voluntate,
1672 2239 1731 2288 de

237 2327 375 2378 bello
394 2315 621 2392 >gerendo
661 2333 973 2390 statueretur,
1024 2327 1186 2378 soluto
1212 2325 1493 2387 Conventu,
1546 2325 1610 2375 ad
1642 2339 1733 2374 sua

239 2411 446 2478 quisque
471 2412 678 2462 rediere.

595 2602 827 2655 GAPVT
880 2601 1372 2655 DVODECIMVM.

245 2722 321 2772 De
371 2721 597 2790 leyatz'one
633 2725 904 2790 ‘Principis
974 2723 1298 2789 Transylvani
1348 2721 1415 2770 ad
1452 2716 1736 2784 Pontificem

318 2807 588 2856 Romanum
614 2813 776 2870 missa,
804 2809 1034 2858 etitz'nere
1053 2806 1413 2871 Claudiopolim
1431 2811 1664 2867 suscepto.

390 2927 464 2976 Eo
502 2933 719 2993 tempore
757 2944 1063 2993 nequaquam
1120 2925 1601 2994 praetermittendum
1642 2923 1736 2972 sibi

247 3011 498 3080 Princeps,
525 3027 614 3077 pro
642 3027 733 3061 sua
758 3012 1009 3076 religione,
1037 3020 1086 3063 et
1112 3014 1161 3062 in
1188 3015 1383 3063 sacrum
1412 3010 1629 3059 ordinem
1655 3010 1738 3058 ob-
