2112 3288
615 213 680 247 DE
707 212 815 246 nnn.
842 211 956 246 vNG.
989 211 1098 244 nno,
1131 211 1176 243 x.
1203 211 1248 244 L.
1275 211 1322 242 x.
1516 203 1522 206 “
1625 195 1727 245 263

224 332 487 382 adventum
526 329 991 394 Transylvanorum
1019 341 1207 374 summa
1247 342 1353 374 cum
1399 327 1729 390 trepidatione

219 414 526 466 denunciant.
566 413 644 462 Ea
669 428 723 462 re
760 411 928 461 audita
967 415 1313 459 consternatus
1340 410 1517 470 Bassa,
1559 411 1731 460 eodem

216 503 463 551 momento
489 498 628 548 iubet
653 497 800 560 signa
826 494 1019 556 referri,
1058 493 1429 558 maioribusque
1455 495 1730 555 tormentis,

215 599 276 634 ac
300 583 479 634 ceteris
503 580 868 646 impedimentis
893 578 1084 643 passim
1121 578 1324 639 relictis,
1353 582 1538 642 quanta
1563 583 1727 641 potest
1748 618 1754 623 .

221 667 480 718 celeritate
505 665 673 730 fugam
712 669 845 714 retro
884 663 1075 728 arripit.
1120 663 1198 712 lta
1236 662 1460 711 obsessis
1487 661 1731 711 adventus

214 751 424 814 Hazoni,
476 750 690 800 Hazono
718 745 822 814 (alii
859 744 1108 812 Csaffero)
1148 748 1266 811 fuga
1293 751 1573 797 nostrorum
1600 747 1728 796 salu-

214 842 311 888 tem
348 835 525 886 attulit·
579 833 793 898 Cognito
830 832 1033 881 tandem
1060 846 1229 880 errore
1253 830 1491 881 Hazonus
1520 832 1728 880 Tomos-

213 936 387 972 varum
413 919 634 986 appellit,
677 924 726 968 et
765 917 1046 982 conspectis
1073 931 1320 965 murorum
1346 915 1501 965 ruinis
1528 930 1730 978 magno-

216 1019 338 1072 pere
362 1003 582 1066 miratur,
634 999 876 1069 quaenam
914 1002 1063 1052 fuerit
1089 1015 1255 1063 causa,
1295 1001 1358 1050 ob
1400 1016 1547 1065 quam
1572 999 1729 1050 nostri

214 1096 405 1141 tantam
429 1091 557 1140 bene
597 1087 848 1152 gerendae
885 1087 957 1136 rei
996 1086 1306 1136 occasionem
1332 1085 1728 1135 intermisissent.

222 1174 342 1225 Mox
368 1173 524 1225 ruinis
563 1173 765 1223 refectis
806 1171 1187 1235 collaudataque
1214 1170 1460 1236 praefecti
1501 1186 1560 1219 ac
1600 1172 1726 1218 cete-

214 1258 613 1309 rorum‘militum
640 1256 917 1316 alacritate,
957 1254 1140 1304 Albam
1168 1254 1389 1316 Nandor,
1429 1254 1558 1304 unde
1584 1268 1726 1302 vene-

211 1347 304 1404 rat,
330 1342 493 1392 rediit.
523 1341 603 1391 Ibi
629 1340 808 1391 castris
835 1339 1014 1406 positis
1030 1339 1266 1400 consedit,
1295 1344 1344 1388 et
1370 1338 1527 1388 veluti
1551 1337 1602 1386 in
1617 1352 1727 1403 spe-

215 1425 364 1477 lunca
391 1425 604 1492 quadam
631 1426 868 1475 excubias
896 1430 1111 1486 acturuS,
1138 1423 1188 1473 in
1216 1423 1427 1473 consilia
1440 1427 1723 1472 nostrorum

215 1510 460 1576 singulari
475 1510 734 1574 diligentia
749 1505 1001 1575 (animum)
1016 1508 1272 1558 intendere
1289 1507 1464 1571 coepit.
1482 1507 1725 1572 Transyl-

218 1595 337 1645 vani
364 1594 554 1645 duobus
582 1593 791 1655 circiter,
807 1608 905 1657 qua
919 1592 1150 1657 equitum,
1169 1607 1266 1656 qua
1279 1591 1497 1657 peditum
1512 1590 1729 1640 millibus

211 1678 406 1745 Lippae
420 1676 485 1727 ad
498 1677 736 1727 excubias
749 1692 841 1742 pro
855 1675 1035 1725 finibus
1052 1675 1276 1739 agendas
1293 1674 1496 1736 relictis,
1519 1675 1726 1724 Ioanne-

211 1779 306 1830 que
322 1761 597 1814 Szelesteio
612 1761 939 1827 Lippensium
951 1760 1279 1811 iurisdictioni
1292 1760 1565 1826 praefectO,
1592 1763 1726 1824 post·

213 1863 360 1914 quam
383 1862 483 1897 non
509 1846 741 1911 exiguam
767 1846 988 1907 militum,
1024 1845 1244 1910 pulveris
1270 1842 1596 1905 tormentarii,
1626 1858 1724 1891 ma-

213 1932 469 1996 iorumque
519 1928 881 1991 machinarum,
942 1934 1317 1993 cetororumque
1370 1911 1726 1978 commeatuum

211 2017 454 2067 iacturam
486 2015 740 2077 fecissent,
779 2030 877 2079 qua
916 2015 1091 2079 cuique
1125 2013 1399 2079 proximum
1439 2011 1725 2062 commodis-

200 2101 486 2165 ‘simumque
511 2101 617 2162 fuit,
651 2116 831 2164 magna
859 2115 967 2149 cum
994 2098 1197 2148 tristitia
1225 2098 1418 2148 domum
1444 2096 1651 2146 rediere.

696 2438 930 2490 OAPVT
971 2436 1240 2489 NONVM.

211 2562 288 2611 De
313 2559 505 2625 infelici
530 2561 734 2611 Ioannis
762 2559 982 2612 Szelcstii
1012 2559 1294 2610 C'sanadum
1333 2575 1496 2607 versus
1534 2556 1724 2619 expedi·

401 2651 545 2707 tione,
574 2655 617 2695 et
640 2645 885 2709 peditibus
910 2647 964 2695 in
996 2644 1337 2707 Transalpina
1371 2644 1536 2691 caesis.

355 2766 538 2816 Paucis
587 2766 846 2817 admodum
890 2766 1063 2816 diebus
1116 2763 1269 2830 quieti
1333 2762 1462 2811 datis
1506 2760 1724 2808 [oannes

215 2851 516 2903 Szelesteius
548 2851 831 2916 praefectus
857 2850 1142 2916 Lippensis‚
1181 2847 1361 2912 partim
1387 2850 1439 2894 ut
1464 2847 1722 2907 acceptum

210 2937 262 2986 in
285 2936 512 3002 proxima
551 2936 916 3000 oppugnatione
938 2931 1343 2984 Tomosvariensi
1375 2928 1720 2978 detrimentum

211 3020 376 3088 aliquo
401 3019 639 3070 felicioris
676 3021 903 3071 fortunae
941 3034 1178 3070 successu
1205 3017 1569 3084 compensaret,
1609 3027 1718 3079 par-
