1988 3302
465 194 568 244 328
852 211 916 245 10.
945 211 1077 246 onon
1101 212 1292 245 nAuovn
1317 212 1418 243 nnc.
1446 210 1510 241 x1.
1558 211 1560 213 ¹
1836 203 1858 255 ,ᾗ
1856 239 1903 263 ι

464 324 764 377 Substiterat
789 327 891 376 illic
916 327 1196 376 Rascianus
1224 328 1411 390 quidam
1437 304 1675 390 Vajvoda
1690 317 1808 375 {aa
1811 309 1944 381 30·

463 424 624 458 rorum
674 411 886 475 peditum
936 410 1134 460 cohorte
1184 417 1373 475 septus,
1421 416 1471 459 ut
1531 427 1556 459 e
1601 407 1808 473 praelio
1818 389 1947 468 ἴψει

464 493 999 558 elapsosintcrciperct
1039 494 1120 542 Is
1107 510 1156 542 m
1181 494 1387 543 Bassam
1414 500 1524 543 tunc
1550 493 1795 543 animose
1784 488 1948 547 mult

464 576 722 639 caesisque
749 576 934 639 aliquot
958 575 1299 638 Barbarorum,
1332 578 1542 640 reliquos
1567 578 1617 625 in
1641 577 1810 640 fugam
1829 565 1947 648 Ἐφι-
1975 587 1979 591 “

461 659 587 707 iecit.
613 661 691 708 Ita
705 660 1061 709 Tomosvarum
1073 660 1237 708 Bassa
1251 676 1493 720 reversus,
1509 677 1613 709 cum
1625 657 1815 724 ingenti
1824 655 1941 706 fin·

463 742 621 790 dictae
647 742 806 791 studio
822 743 1032 796 arderet,
1058 758 1201 792 unum
1219 758 1245 792 e
1260 745 1467 808 captivis
1481 743 1752 804 Rascianis‚
1779 742 1950 792 ducem

461 825 746 874 nobilitatae
771 826 978 886 virtutis,
1018 826 1178 875 vivum
1205 827 1449 876 excoriari
1474 827 1621 875 iubet.
1650 826 1756 886 Quo
1783 825 1948 876 audito

462 907 690 956 Andreas
718 924 910 972 quoque
935 909 1143 957 Barcsai
1168 913 1269 956 trcs
1297 925 1323 957 e
1350 910 1607 974 mancipiis
1624 909 1850 959 Turcicis
1877 925 1952 958 se-

462 991 585 1052 ligit.
613 1006 672 1039 ac
698 1006 758 1038 ex
783 991 844 1037 iis
872 990 992 1038 duos
1020 990 1190 1037 eodem
1216 990 1444 1052 supphcu
1459 1005 1641 1051 genere
1666 991 1833 1055 afficit,
1861 995 1956 1040 ter-

460 1073 579 1119 tium
603 1073 724 1118 rotis
751 1071 1040 1118 comminuit.
1078 1070 1138 1117 Id
1174 1071 1258 1117 ubi
1282 1071 1444 1117 Bassa
1469 1073 1712 1132 cognovit,
1735 1074 1876 1141 ratus
1901 1090 1956 1124 se

460 1166 660 1198 causam
686 1155 852 1197 tantae
877 1149 1190 1211 Vngarorum
1217 1150 1495 1199 crudelitati
1520 1138 1831 1215 praebuisse}
1846 1138 1964 1207 mea

458 1245 542 1280 ras
568 1231 825 1279 confestim
851 1231 915 1280 ad
941 1231 1233 1282 Barcsaium
1260 1233 1355 1294 dat,
1395 1248 1454 1306 ac
1490 1234 1541 1283 in
1577 1234 1639 1283 iis
1673 1249 1872 1286 errasse
1897 1251 1952 1288 se

457 1313 692 1362 maiorem
718 1313 768 1361 in
794 1313 983 1363 modum
998 1315 1267 1379 profitetur,
1297 1321 1346 1365 et
1370 1332 1429 1365 ne
1455 1318 1665 1380 plurium
1673 1317 1953 1370 'furcarum

388 1387 390 1390 ⁵
457 1397 713 1462 suppliciis
739 1402 838 1446 tam
852 1398 1141 1447 nnmambus
1168 1400 1399 1462 saeviret,
1424 1400 1671 1452 humiliter
1695 1403 1954 1454 admodum

456 1481 645 1530 Eanum
672 1481 908 1530 exoravit.
936 1480 1087 1531 Simul
1112 1488 1165 1532 ut
1178 1483 1404 1533 militaris
1429 1485 1744 1548 gratitudinis
1758 1501 1951 1551 exemp-

455 1564 554 1612 lum
590 1566 866 1627 praeberet,
906 1570 954 1613 et
991 1581 1164 1628 equum
1202 1567 1405 1615 Martini
1429 1566 1634 1627 Horvat‚
1674 1567 1756 1631 qui
1791 1569 1951 1633 ipsum

456 1651 746 1706 prosecutus
773 1647 973 1708 assequi
998 1661 1094 1693 non
1120 1652 1359 1710 potuerat,
1398 1638 1711 1698 vehementer
1748 1645 1949 1724 laesum,

455 1741 513 1773 ac
551 1725 681 1771 bello
725 1741 930 1787 prorsus
967 1727 1183 1775 inutilem
1219 1730 1401 1778 factum
1440 1731 1724 1794 audivisset,
1761 1750 1850 1798 pro
1889 1751 1946 1785 eo

453 1822 627 1869 equum
665 1809 874 1856 alterum
914 1815 993 1858 sat
1029 1826 1338 1873 generosum,
1379 1813 1558 1862 additis
1597 1816 1710 1865 aliis
1752 1833 1943 1883 quoque

452 1890 684 1952 pretiosis
722 1893 1015 1953 muneribus,
1041 1893 1252 1943 Martino
1278 1894 1422 1946 misit.
1475 1895 1653 1962 Capita
1691 1915 1942 1952 caesorum

453 1972 515 2020 ad
557 1973 916 2036 quadringenta
964 1976 1093 2040 palis
1143 1977 1384 2042 Lugasini
1421 1980 1596 2043 affixa,
1646 1985 1796 2033 multa
1847 1983 1938 2035 Oa-

448 2054 820 2105 ransebesinum
846 2072 1036 2123 quoque
1074 2060 1254 2122 ablata,
1282 2063 1463 2126 captivi
1500 2064 1563 2112 ad
1596 2063 1725 2115 OOC
1761 2067 1938 2119 hastae

449 2135 670 2198 subiecti,
696 2140 884 2203 praeda
908 2142 1082 2206 ingens
1109 2150 1263 2208 capta,
1279 2161 1338 2194 ac
1361 2146 1466 2196 iure
1491 2147 1688 2198 militari
1713 2151 1936 2203 auctione

445 2220 657 2281 vendita,
677 2223 952 2289 viritimque
979 2227 1249 2278 distributa.
1277 2228 1451 2279 Actum
1477 2231 1570 2280 hoc
1594 2233 1684 2282 fuit
1709 2235 1929 2286 XXVH.

444 2299 585 2351 lunii.
611 2305 688 2354 Ea
702 2323 756 2355 re
782 2310 992 2374 cognita,
1018 2312 1190 2375 paucis
1202 2317 1316 2376 post
1341 2312 1511 2362 diebus
1527 2314 1691 2365 Bassa
1717 2333 1747 2365 a
1774 2317 1930 2370 Veze-

441 2388 515 2437 rio
553 2385 735 2438 Albam
775 2388 1021 2442 Graecam
1058 2399 1274 2456 vocatus,
1325 2397 1673 2462 provinciaque
1700 2400 1931 2463 'privatas

439 2471 544 2521 fuit.

1049 2690 1297 2740 FINIS.

1036 2921 1212 2930 -.-.--.-..-x
1225 2925 1305 2935 Ἣ
