2112 3288
611 220 675 252 DE
700 219 808 252 ΗΕΒ.
834 218 949 253 VNG.
976 219 1086 252 Duc.
1114 219 1176 252 xr.
1206 219 1249 252 L.
1276 219 1308 251 1.
1500 200 1505 203 ”
1639 205 1741 257 295

235 335 563 400 temporarias
592 334 799 399 quisque
825 334 921 383 sibi
948 334 1099 383 aedes
1125 334 1176 382 in
1191 334 1371 383 castris
1385 335 1585 396 faceret,
1613 352 1738 386 com-

233 423 522 482 meatusque
550 417 708 468 omnis
733 416 947 480 generiS,
988 417 1129 480 equis
1168 417 1544 481 hominibusque
1569 434 1737 468 neces-

234 503 410 563 sarios,
442 501 494 550 in
520 501 769 565 quoslibet
796 500 1050 550 diuturnos
1065 500 1337 550 obsidionis
1351 500 1608 566 hybernae
1622 518 1740 551 usus

234 591 566 652 compararet..
599 585 789 646 Quibus
828 585 893 634 ad
930 584 1146 649 speciem
1186 585 1428 634 duntaxat
1454 600 1516 633 ex
1544 599 1735 649 compo-

233 670 328 720 sito
354 668 644 732 procuratis,
675 668 811 717 iubet
836 667 1090 718 cuniculos
1119 668 1472 716 subterraneos
1500 683 1645 731 quam
1660 685 1737 718 oc-

231 753 502 804 cultissime
551 751 777 802 maximis
816 751 1050 817 operibus
1089 751 1213 812 duci,
1265 750 1528 814 aditusque
1567 753 1738 816 parari

230 841 376 897 tutos,
416 836 592 900 quibus
630 851 761 886 nova
784 835 885 899 ¹illa
922 835 1152 884 tormenti
1190 834 1343 898 lignei
1371 834 1609 895 machina,
1662 837 1737 885 cui

231 934 408 970 nomen
434 924 512 969 est
536 919 759 984 petarda,
788 919 978 980 adduci,
1018 935 1075 968 ac
1099 919 1150 967 in
1176 923 1348 983 portas
1374 918 1511 968 urbis
1539 920 1737 984 explodi

229 992 416 1071 posset.
444 1003 521 1053 Eo
536 1003 665 1052 enim
680 1008 871 1068 postea,
886 1004 957 1053 uti
972 1003 1241 1065 docebitur,
1270 1007 1629 1066 stratagemate
1655 1019 1734 1052 ea-

227 1088 338 1138 dem
361 1088 482 1137 urbs
510 1091 657 1152 capta
681 1087 790 1136 fuit.
827 1085 926 1137 Sed
951 1104 1006 1136 re
1032 1087 1194 1137 subito
1220 1087 1485 1146 intellecta,
1515 1088 1735 1137 selectis-

228 1170 341 1221 simi
366 1170 546 1235 quique
572 1170 907 1220 Barbarorum
933 1170 982 1219 in
1011 1185 1133 1232 eam,
1172 1170 1257 1219 ubi
1284 1169 1493 1219 cuniculi
1519 1171 1736 1234 ageban-

224 1259 320 1317 tur,
345 1258 537 1320 partem
563 1254 703 1303 urbis
731 1259 1005 1319 erumpunt,
1050 1260 1099 1304 et
1138 1270 1246 1303 cum
1272 1253 1386 1302 aliis
1415 1269 1560 1317 quam
1585 1254 1737 1318 pluri-

226 1339 333 1400 mis,
373 1343 475 1387 tum
511 1339 777 1403 praecipuo
817 1339 1148 1388 cuniculorum
1195 1337 1494 1397 architectO,
1534 1337 1641 1386 viro
1679 1338 1737 1386 il-

223 1421 397 1472 lustris
424 1421 624 1483 ordiniS,
664 1422 938 1484 interfecto,
974 1437 1163 1472 omnem
1191 1420 1571 1486 expugnationis
1599 1436 1737 1486 spem

225 1504 410 1555 nostris
461 1504 694 1554 adimunt.
749 1505 953 1555 Interim
992 1505 1229 1555 Hazonus
1280 1505 1446 1553 Bassa
1485 1502 1731 1567 Vezirius,

226 1603 334 1639 cum
357 1587 691 1638 intellexisset
715 1589 966 1639 Iaurinum
993 1588 1226 1648 obsideri,
1261 1588 1428 1637 iussus
1457 1604 1488 1637 a
1514 1586 1735 1639 Caesare

225 1687 369 1738 opem
392 1672 737 1722 laborantibus
764 1674 910 1734 ferre,
953 1689 1059 1723 cum
1087 1671 1370 1735 ingentibus
1398 1672 1554 1737 copiis
1581 1672 1733 1722 affuit.

168 1748 173 1751 ”
225 1755 336 1816 Qua
374 1771 429 1806 re
469 1757 669 1820 cognita
697 1755 935 1807 Germani
976 1757 1203 1806 continuo
1233 1756 1437 1805 Vaciam
1477 1756 1734 1805 castellum

223 1838 488 1890 incendunt
525 1844 675 1905 atque
714 1841 962 1890 deserunt.
1017 1842 1215 1890 Turcae
1255 1839 1511 1904 progressi
1552 1838 1734 1888 Tatam

221 1937 394 1973 rursus
421 1930 722 1989 expugnant,
762 1930 812 1974 et
837 1925 1087 1974 laurinum
1125 1939 1302 1973 versus
1344 1924 1438 1972 iter
1462 1922 1730 1972 intendunt.

220 2003 302 2056 Ita
332 2008 700 2071 oppugnatione
725 2007 1005 2057 Iaurinensi
1033 2007 1229 2067 omissa,
1258 2006 1453 2056 obviam
1492 2006 1734 2055 Barbaris

220 2090 379 2139 nostri
403 2091 689 2155 procedunt,
730 2092 1007 2155 castrisque
1045 2091 1094 2139 in
1131 2092 1239 2139 loco
1278 2089 1410 2138 haud
1450 2093 1530 2138 sat
1554 2088 1731 2138 idoneo

222 2173 416 2239 positis,
451 2175 796 2223 tumultuarias
823 2190 929 2223 cum
954 2174 1180 2222 hostibus
1207 2187 1400 2237 pugnas
1429 2172 1636 2221 subinde
1662 2173 1732 2221 in—

224 2261 351 2308 eunt.
385 2255 486 2307 Sed
510 2273 573 2307 ne
598 2258 716 2307 totis
743 2258 899 2322 copiis
927 2257 1288 2321 confligeretur,
1316 2256 1495 2320 partim
1522 2256 1732 2306 subdola

223 2340 417 2391 Vezirii
453 2340 648 2390 Bassae
685 2341 990 2406 profectione
1030 2341 1213 2390 factum
1252 2345 1352 2389 est.
1396 2339 1478 2402 qui
1512 2340 1603 2388 sub
1644 2355 1731 2388 eas

218 2423 537 2476 velitationes
587 2425 853 2474 exercitum
892 2425 1081 2474 Budam
1120 2422 1341 2486 reduxit,
1394 2424 1585 2487 partim·
1611 2438 1730 2472 vero

219 2507 426 2559 consilio
465 2506 775 2567 Archiducis,
817 2507 899 2573 qui
937 2509 1092 2559 noluit
1132 2509 1302 2573 copias
1345 2522 1462 2556 suas
1504 2512 1552 2555 et
1589 2505 1730 2555 clade

216 2591 496 2643 Iaurinensi
521 2597 878 2654 consternatas,
917 2598 966 2643 et
1004 2593 1286 2643 incredibili
1323 2596 1464 2657 peste
1489 2605 1617 2654 pene
1645 2604 1726 2638 ex-

219 2676 444 2736 haustae,
468 2675 638 2724 ultimo
677 2675 945 2726 discrimini
970 2677 1198 2727 obiicere.
1250 2678 1424 2738 Itaque
1454 2673 1726 2721 Turcarum

221 2758 442 2808 exercitu
477 2759 528 2807 in
564 2759 790 2824 hyberna
827 2761 1042 2817 reducto,
1084 2765 1133 2810 et
1170 2760 1278 2825 ipse
1318 2757 1487 2822 copias
1527 2755 1723 2814 dimisit,

222 2841 482 2907 Vaciaque
495 2858 667 2892 rursus
680 2849 977 2908 restaurata,
1005 2861 1063 2895 ac
1078 2845 1217 2910 Papa
1230 2841 1498 2906 praesidiis
1512 2839 1720 2899 firmata,

220 2924 466 2977 Viennam
491 2943 755 2992 regressus
781 2934 872 2980 est.
