2112 3288
581 195 645 226 DE
670 194 778 226 REB.
807 194 919 225 VNG.
947 194 1057 226 DEC.
1086 195 1132 226 x.
1161 195 1205 226 12.
1232 195 1296 226 lx.
1513 203 1521 206 ·
1596 181 1710 230 213.

207 313 388 363 bellum
403 311 644 363 Vandalis
669 326 767 359 non
791 309 1066 372 illaturum3
1095 308 1399 358 Gensericus
1427 311 1553 359 enim
1567 312 1700 360 Van-

207 397 428 448 dalorum
474 411 563 446 rex
613 395 948 459 contemplans
988 393 1226 456 captivos,
1279 393 1472 443 viderat
1509 395 1555 443 ei
1593 395 1699 444 dor-

204 480 370 530 mienti
405 480 456 529 in
495 496 666 545 campo
707 484 756 528 et
792 483 933 528 aestu
973 478 1185 543 aquilam
1222 482 1394 540 tegere
1437 483 1600 542 caput,
1636 496 1698 528 ne

205 563 359 614 radiis
385 565 632 615 solaribus
657 564 964 626 laederetur3
997 563 1091 612 hoc
1115 563 1399 627 spectaculo
1428 562 1700 613 delectatus

203 647 387 698 dimisit
427 664 547 710 eum,
585 647 914 714 praesagiens
946 648 1300 712 Imperatorem
1338 647 1461 696 fore.
1514 646 1700 696 Foetus

202 732 476 798 aquilarum
501 733 743 798 inplumes
782 749 814 781 a
839 730 1116 782 vulturibus
1143 746 1250 780 cum
1286 730 1410 795 ipsis
1436 729 1564 779 nidis
1591 745 1700 780 con-

202 817 373 883 cerpti,
426 817 701 882 Tarquinio
737 814 959 882 Superbo
1000 815 1314 865 amissionem
1338 815 1482 879 regni
1507 819 1701 880 porten-

202 900 389 952 derant.
458 903 678 952 Iaoulum
730 902 790 951 de
841 901 1106 951 satellitum
1166 899 1390 950 manibus
1454 904 1700 951 extortum

209 991 259 1036 et
306 986 358 1036 in
394 987 686 1054 profundum
725 987 788 1036 ab
827 986 992 1051 aquila
1018 985 1258 1035 deiectum
1282 985 1526 1052 Dionysio
1553 983 1697 1050 Syra-

209 1085 390 1126 cusano
414 1071 641 1136 Regnum
667 1071 944 1135 abrogavit,
984 1075 1033 1120 et
1059 1070 1194 1120 diras
1218 1070 1426 1121 incussit
1449 1070 1698 1124 calamita-

205 1165 296 1210 tes.
322 1157 442 1207 Cum
469 1161 632 1207 autem
658 1161 832 1222 sponte
850 1156 913 1205 ad
925 1155 1226 1221 praetorium
1239 1154 1483 1222 Principis
1510 1172 1564 1207 se
1590 1159 1701 1208 sub-

207 1245 408 1307 miserit,
457 1243 539 1292 vel
565 1242 738 1308 potius
781 1240 1131 1292 venerabunda
1167 1240 1299 1291 humi
1349 1240 1572 1307 collapsa
1610 1243 1699 1293 sit:

206 1331 320 1380 inde
344 1329 608 1379 iudicatum
635 1332 724 1388 est,
750 1329 832 1376 vel
857 1326 1200 1392 superbissimi
1237 1325 1408 1376 Sinani
1434 1343 1600 1377 casum
1626 1344 1699 1389 e0‚

206 1415 290 1466 vel
338 1419 471 1464 certe
507 1411 877 1463 celeberrimam
913 1411 1170 1461 victoriam
1209 1411 1268 1460 de
1307 1411 1501 1474 Tarsis,
1551 1413 1701 1462 maxi-

206 1514 432 1563 mamque
471 1497 726 1562 dignitatis
772 1496 1109 1546 accessionem
1149 1496 1366 1562 Principi
1417 1497 1699 1547 denunciari

205 1583 282 1633 Eo
307 1583 467 1634 laetus
493 1581 650 1631 omine
675 1580 912 1646 Princeps
939 1581 1223 1644 aliquandiu
1261 1581 1476 1645 aquilam
1514 1582 1565 1631 in
1590 1587 1698 1632 ten—

187 1668 330 1720 torio
357 1666 610 1717 asservari
638 1680 726 1715 suo
755 1664 918 1730 alique
943 1665 1204 1727 mandavit,
1232 1680 1345 1714 mox
1370 1682 1433 1715 ne
1464 1667 1698 1730 interiret,

204 1753 405 1814 veritus,
430 1752 638 1802 liberam
664 1751 861 1799 dimisit.
914 1751 1022 1800 Nec
1045 1750 1224 1800 fefellit
1252 1749 1487 1812 homineS‚
1514 1752 1624 1802 Deo
1648 1753 1699 1801 in

202 1838 455 1888 iustiorem
481 1834 873 1885 Christianorum
899 1851 1098 1886 causam
1124 1836 1404 1899 inclinante,
1430 1836 1522 1888 hoc
1547 1853 1696 1902 augu-

203 1922 340 1972 rium.
369 1921 604 1972 Eiusdem
631 1921 831 1985 generis
857 1921 948 1971 fuit
975 1927 1023 1970 et
1048 1922 1281 1986 parelius,
1309 1937 1397 1972 seu
1422 1922 1699 1986 geminatus

211 2006 312 2070 sol,
362 2021 393 2054 a
439 2003 709 2054 Francisco
760 2004 1060 2070 Hunyadino
1110 2005 1298 2055 medico
1349 2005 1595 2071 Principis
1645 2022 1705 2055 ac

202 2093 352 2154 poeta
376 2088 748 2153 elegantissimo
775 2089 1087 2138 observatus.

656 2338 890 2391 CAPVT
929 2339 1269 2393 DECIMVM.

203 2463 280 2511 De
318 2464 422 2511 acie
454 2459 840 2511 Christianorum
877 2470 1045 2510 contra
1090 2461 1273 2512 Turcas
1313 2463 1556 2525 ordinata,
1599 2481 1694 2513 mo-

773 2549 924 2611 tisque
950 2549 1138 2596 castris,

349 2664 613 2716 Traductis
639 2667 703 2717 ad
728 2667 963 2717 Rukkam
990 2673 1098 2718 octo
1127 2668 1313 2730 diebus⁷
1351 2674 1400 2718 et
1431 2669 1699 2719 coniunctis
1779 2658 1783 2662 ’

206 2762 313 2797 011111
351 2750 567 2800 exercitu
592 2750 850 2801 Michaelis
877 2738 1135 2817 Vajvodae
1172 2750 1493 2816 Transalpini
1531 2754 1700 2820 copiis,

210 2837 375 2902 quinto
414 2835 492 2885 die
530 2835 744 2885 octobris
782 2836 832 2886 in
869 2837 997 2887 hunc
1034 2837 1225 2888 modum
1262 2836 1500 2901 Princeps
1544 2837 1699 2887 aciem

213 2925 383 2971 contra
395 2919 649 2970 Barbaros
674 2920 916 2971 instruxit.
944 2921 1157 2971 Primum
1179 2925 1543 2971 antecursorum
1558 2937 1700 2972 cune-

213 3022 294 3055 um
331 3020 392 3053 ex
416 3004 695 3054 fortissimis
723 3005 1011 3069 quibusdam
1049 3005 1306 3055 conflatum
1338 3005 1386 3054 in
1411 3005 1570 3070 prima
1594 3006 1699 3056 acie
