2112 3288
495 190 596 239 242
1060 208 1123 241 10.
1150 201 1282 241 meon
1306 208 1501 243 BARovn
1575 253 1580 258 v

494 324 619 373 enim
646 329 695 373 te
721 338 828 373 cum
854 324 1031 374 Turcis
1060 329 1108 374 et
1136 326 1365 374 Tartaris
1393 326 1589 376 collatis
1618 318 1978 378 consiliis'conss

492 407 725 472 spirasse,
753 412 801 457 et
825 409 1104 458 nominatim
1133 415 1301 458 contra
1328 409 1554 458 dilectum
1580 411 1731 459 filium
1757 417 1976 462 nostrum

490 490 702 540 nobilem
720 491 883 541 virum
892 491 1255 556 Sigismundum
1270 494 1667 558 Transylvaniae
1683 495 1973 561 Principem,

491 573 573 639 qui
598 575 792 638 praelia
816 566 1011 624 Domini
1036 591 1215 640 magno
1252 579 1523 642 praeliatur
1556 579 1728 628 anim0.
1779 579 1976 630 Etenim
2045 565 2050 569 ⁴

489 674 550 708 ne
575 658 648 707 illi
673 658 831 708 hostis
859 661 1196 723 superbissimi
1222 662 1451 726 impetum
1479 669 1776 728 conatusque
1799 664 1967 714 institi.-

490 758 609 806 gere
634 744 801 804 liceat„
823 744 951 807 quod
977 742 1213 793 hactenus
1239 745 1479 807 singulari
1496 747 1592 795 Dei
1619 748 1801 796 auxilio
1828 747 1976 813 super

487 826 678 875 virilem
703 831 893 891 partem
921 833 997 876 est
1023 833 1325 887 consecutus,
1353 830 1441 878 sed
1466 836 1518 879 ut
1543 831 1691 880 rebus
1729 831 1831 881 suis
1869 833 1974 896 plu-

485 910 656 960 rimum
680 911 850 960 timere
876 917 1092 974 cogatur,
1125 913 1427 962 triumvirum
1454 915 1751 965 authoritate
1777 922 1827 966 et
1863 926 1983 968 con-⁴

486 1010 634 1045 sensu
681 1012 857 1046 novum
905 998 956 1045 in
994 998 1265 1047 Moldavia»
1291 1000 1543 1063 provincia
1599 1001 1877 1065 Vajvodam
1926 1007 1976 1052 et

484 1080 761 1144 Principem
789 1081 1101 1130 constitutum
1127 1097 1253 1142 esse,
1280 1088 1329 1131 et
1354 1083 1589 1146 aTurcis,
1618 1101 1647 1133 a
1669 1091 1718 1134 te
1744 1085 1974 1136 etaTar-

482 1164 606 1213 taris
632 1164 775 1213 simul
800 1164 934 1212 illum
949 1165 1230 1214 Moldaviae
1256 1168 1472 1230 praefici.
1516 1168 1654 1228 Quae
1681 1170 1805 1219 adeo
1830 1171 1972 1234 nobis

482 1263 611 1297 nova
649 1253 697 1297 et
734 1247 1066 1312 inexpectata,
1112 1255 1161 1298 et
1197 1255 1394 1313 praeter
1431 1267 1618 1301 omnem
1655 1259 1873 1304 nostram
1911 1254 1972 1304 de

481 1335 530 1379 te
557 1331 845 1396 opinionem,
876 1335 1035 1395 *atque
1075 1333 1198 1381 adeo
1238 1350 1267 1381 a
1304 1337 1388 1383 tua
1412 1336 1596 1400 pietate
1639 1342 1687 1386 et
1711 1338 1972 1402 prudentia

481 1415 591 1463 visa
617 1420 728 1464 sunt
758 1415 941 1482 aliena„
972 1419 1023 1464 ut
1060 1432 1182 1480 prae
1221 1417 1390 1466 dolore
1430 1424 1478 1468 et
1503 1420 1822 1471 admiratione
1847 1438 1971 1488 pene

481 1514 590 1547 cum
616 1498 869 1562 Propheta
893 1499 1247 1550 exclamemus:
1288 1498 1623 1567 obstupescite
1661 1506 1784 1555 coeli
1822 1520 1970 1572 super

478 1583 584 1642 hoc,
612 1588 660 1631 et
683 1588 856 1647 portae
883 1584 986 1633 eius
1006 1585 1292 1634 desolamini
1313 1586 1661 1637 vehementer?
1688 1588 1817 1649 Quid
1842 1591 1967 1640 enim
2025 1634 2027 1636 .

479 1683 509 1715 a
557 1671 729 1716 nostra
766 1672 814 1715 et
850 1669 1083 1718 bonorum
1121 1671 1329 1718 omnium
1375 1673 1712 1735 expectatione
1750 1675 1971 1736 alienius,

478 1757 561 1801 aut
587 1751 701 1816 quid
725 1751 886 1815 magis
909 1753 1197 1802 incredibile
1226 1755 1467 1818 suspicari
1495 1756 1765 1819 cogitarive
1789 1764 1968 1823 potest,

477 1852 621 1900 quam
661 1834 1025 1900 Sigismundum
1051 1837 1288 1887 Poloniae
1328 1845 1375 1888 et
1415 1838 1620 1889 Sueciae
1658 1856 1830 1904 regem
1845 1837 1969 1891 'reli-

476 1920 819 1983 giosissimum‚
860 1922 941 1985 qui
968 1937 1021 1971 se
1049 1921 1333 1973 Catholicae
1359 1925 1614 1987 religionis
1639 1914 1970 1990 propugnato-

474 2018 578 2053 rem
605 2019 797 2069 semper
824 2010 900 2054 est
923 2007 1193 2069 professus,
1222 2008 1303 2071 qui
1329 2009 1584 2057 victoriam
1607 2010 1777 2074 populi
1801 2008 1966 2060 Chris·

475 2088 596 2137 tiani
634 2088 693 2137 de
732 2078 1002 2138 teterrimis
1054 2090 1277 2151 inimicis,
1318 2097 1366 2140 et
1406 2093 1614 2156 gloriam
1652 2094 1836 2155 cruciS‚
1886 2097 1967 2145 vel

473 2172 671 2237 proprio
699 2174 939 2236 sanguine
977 2174 1217 2224 redimere
1254 2181 1457 2240 paratus
1486 2182 1632 2236 esset,
1672 2177 1802 2227 hunc
1839 2179 1962 2229 adeo

450 2257 548 2307 'sui
586 2257 871 2306 dissimilem
912 2264 1113 2323 repente
1152 2261 1391 2320 effectum,
1432 2266 1484 2310 ut
1517 2262 1646 2310 sacri
1681 2261 1814 2310 illius
1839 2263 1958 2312 belli

473 2356 623 2406 spem,
661 2345 709 2389 et
732 2341 903 2390 felices
945 2344 1321 2406 progressiones
1361 2349 1409 2393 et
1448 2348 1674 2407 quantum
1713 2345 1764 2394 in
1802 2360 1859 2394 eo
1885 2351 1962 2395 est

472 2426 795 2490 abrumperet,
824 2431 873 2474 et
896 2431 948 2475 ut
963 2425 1244 2476 Christiano
1272 2433 1319 2477 et
1348 2428 1602 2477 Catholico
1635 2427 1853 2495 Principi
1879 2431 1958 2480 de-

472 2509 747 2559 trimentum
777 2508 990 2570 inferret,
1030 2526 1125 2559 non
1163 2526 1392 2561 recusare
1424 2513 1597 2562 foedus
1637 2519 1685 2562 et
1722 2514 1961 2564 amicitias

468 2593 591 2649 inire
612 2593 758 2642 etiam
783 2608 889 2642 cum
914 2594 1129 2643 efferatis
1145 2595 1370 2645 Barbara
1381 2596 1680 2647 immanitate
1707 2598 1949 2662 gentibUS,

470 2676 668 2741 suisque
693 2677 907 2741 propriis
934 2681 982 2725 et
1019 2678 1159 2740 regni
1183 2678 1418 2729 Poloniae
1443 2682 1695 2755 perpetuis
1721 2683 1945 2733 hostibus

469 2759 734 2832 Tartaris‘?
761 2759 896 2820 Quas
926 2761 988 2810 ob
1016 2775 1193 2811 causas
1220 2768 1354 2812 tanta
1376 2764 1558 2813 doloris
1573 2766 1844 2815 acerbitate
1870 2782 1952 2816 cor

468 2849 686 2894 nostrum
713 2844 1045 2905 discruciatur‚
1082 2851 1134 2894 ut
1169 2847 1332 2896 facere
1371 2863 1466 2897 non
1490 2849 1803 2913 potuerimus,
1841 2851 1955 2914 quin

469 2928 531 2976 ad
555 2933 602 2976 te
627 2927 795 2976 literas
821 2943 909 2991 per
934 2929 1140 2977 celerem
1180 2931 1489 2981 tabellarium
1527 2933 1620 2981 hac
1664 2933 1778 2982 dere
1818 2933 1954 2983 dare<-

467 3027 587 3073 111118,
624 3016 676 3060 ut
717 3012 813 3061 vim
839 3013 1074 3063 moeroris
1111 3016 1267 3064 nostri
1303 3016 1572 3081 inspiceres
1610 3021 1746 3067 tanto
1788 3018 1940 3078 citius⁷
