2112 3288
856 201 907 245 ns
928 200 1118 245 ΜΠΝΚᾸῙ.
1512 200 1517 201 ’
1573 202 1736 245 XLVII

234 333 371 379 recta
394 325 712 392 impenderet.
742 323 801 373 Id
827 323 971 373 simul
998 339 1057 373 ac
1083 322 1167 372 ille
1195 323 1357 372 subito
1392 324 1735 373 tremebundus

235 411 595 472 animadvertit,
634 414 771 459 tanto
810 423 996 474 pavore
1036 413 1293 472 correptus
1333 413 1423 465 est,
1462 413 1515 456 ut
1553 408 1737 456 abitum

233 515 264 548 a
286 503 498 564 tyranno
525 493 782 545 confestim
811 493 1105 553 exoraverit,
1132 493 1428 556 beatamque
1454 491 1736 557 Principum

234 581 555 634 conditionem
595 579 806 645 amplius
832 579 1019 628 habere
1046 577 1368 627 recusaverit.
1409 576 1518 638 Quo
1558 577 1739 626 Damo-

233 667 323 718 clis
349 666 572 732 exemplo
599 665 741 724 satis,
768 669 821 714 ut
849 664 1038 728 opinor,
1068 664 1129 713 ob
1158 663 1327 713 oculos
1353 662 1521 727 posuit
1549 661 1738 725 Diony-

235 753 353 814 sius,
388 766 486 802 non
523 751 681 801 solum
721 750 1086 816 Tyrannorum,
1128 748 1290 813 qualis
1329 748 1438 813 ipse
1473 753 1596 808 erat,
1651 747 1739 796 sed

234 837 383 888 ctiam
422 836 753 902 legitimorum
791 834 1088 900 Principum,
1130 850 1157 883 0
1196 848 1400 898 quorum
1427 847 1627 883 numero
1654 838 1739 882 tua

234 927 311 973 est
335 921 589 984 celsitud0‚
628 921 871 971 fortunam
913 919 1063 983 vulgo
1103 919 1300 984 quidem
1327 918 1519 968 felicem
1546 917 1740 983 praedi-

230 1006 347 1067 cari,
361 1022 416 1056 re
431 1011 594 1057 autem
616 1021 737 1055 vera
749 1005 976 1055 maximis
1004 1005 1149 1065 curis,
1178 1004 1564 1063 difficultatibus,
1591 1008 1739 1067 atque

230 1089 463 1156 periculis
489 1090 824 1155 plenissimam
863 1104 988 1138 esse.
1030 1089 1139 1138 Nec
1177 1077 1411 1152 estquod
1437 1087 1663 1152 pluribus
1691 1095 1739 1135 et

230 1191 258 1225 0
281 1174 432 1238 longo
459 1174 629 1240 petitis
655 1173 721 1224 ad
745 1174 840 1222 hoc
883 1173 1319 1223 demonstrandum
1346 1172 1588 1237 exemplis
1614 1176 1737 1220 utar.

234 1260 294 1310 Id
320 1259 449 1309 enim
475 1275 622 1324 quam
659 1273 828 1327 verum
857 1258 921 1306 sit
949 1276 958 1305 :
991 1258 1114 1307 satis
1143 1264 1276 1307 certe
1304 1273 1550 1321 superque
1578 1261 1741 1319 potest

240 1343 458 1409 experiri
483 1349 568 1392 tua
595 1342 847 1403 celsitudO,
876 1358 1002 1407 quae
1042 1342 1209 1391 multis
1235 1342 1332 1391 iam
1360 1342 1500 1391 annis
1527 1342 1740 1391 nobilem

239 1429 367 1478 hanc
418 1427 719 1493 provinciam
759 1427 888 1476 inter
938 1427 1311 1491 potentissimos
1363 1426 1741 1490 circumquaque

237 1513 409 1563 hostes
446 1512 494 1561 in
532 1518 776 1578 perpetua
800 1528 937 1577 pace,
975 1512 1071 1560 Dei
1099 1511 1354 1573 beneficiO,
1396 1526 1456 1560 ac
1481 1511 1741 1576 sapientis-

236 1597 470 1646 simorum
495 1611 752 1661 procerum
791 1596 998 1645 consilio
1032 1595 1358 1656 conservavit,
1398 1600 1447 1643 et
1471 1611 1599 1644 nunc
1626 1611 1740 1659 quo-

236 1696 330 1745 que
357 1684 606 1730 nutantem
634 1681 834 1731 summis
861 1681 992 1729 curis
1019 1696 1078 1730 ac
1104 1680 1365 1729 laboribus
1391 1681 1518 1730 tueri
1546 1697 1605 1729 ac
1631 1695 1743 1729 con-
1784 1748 1786 1750 ‚

234 1780 437 1815 servare
463 1770 680 1816 conatur.
709 1765 818 1827 Quo
843 1766 1003 1831 magis
1020 1766 1162 1815 decet
1185 1765 1456 1827 universos,
1485 1766 1568 1830 qui
1594 1765 1736 1814 huius

229 1848 552 1915 Reipublicae
592 1851 697 1900 veri
735 1851 871 1900 cives
911 1851 1068 1900 videri
1107 1849 1291 1911 volunt,
1330 1851 1379 1899 in
1419 1851 1514 1900 hoc
1552 1866 1741 1900 summa

233 1949 328 2000 ope
351 1934 647 1994 incumbere,
686 1941 739 1985 ut
777 1935 998 1986 Patriam
1037 1936 1193 1986 variis
1234 1935 1585 1985 circumdatam
1611 1936 1740 2000 peri-

234 2019 375 2083 culis,
401 2025 452 2070 et
475 2020 796 2071 incredibiles
821 2027 936 2071 tuae
954 2022 1262 2072 celsitudinis
1285 2022 1487 2086 eiusque
1515 2021 1742 2070 consilia-

234 2105 418 2156 riorum
455 2106 505 2155 in
542 2106 724 2156 tuenda
762 2122 886 2172 pace
936 2107 1136 2172 publica
1175 2113 1224 2156 et
1262 2106 1570 2157 defendenda
1596 2106 1741 2170 regni

235 2190 397 2241 salute
422 2190 774 2251 solicitudines‚
802 2192 920 2252 suis,
949 2197 1182 2256 quantum
1198 2191 1406 2256 quisque
1433 2197 1609 2257 potest,
1638 2192 1741 2240 offi—

234 2275 327 2324 ciis
353 2291 414 2325 ac
465 2263 786 2327 facultatibus
813 2292 875 2326 ex
913 2277 1076 2327 animo
1115 2278 1287 2326 iuvare
1325 2283 1575 2327 conentur.
1628 2277 1743 2327 Non

229 2360 388 2410 minus
414 2360 827 2431 sane-diligenter
864 2362 1001 2411 hisce
1030 2362 1220 2423 diebus,
1261 2377 1406 2426 quam
1436 2363 1521 2411 alii
1548 2363 1741 2412 cordati

229 2444 465 2507 homines,
515 2446 611 2496 hoc
660 2446 820 2512 ipsum
871 2462 966 2511 ego
1008 2463 1218 2512 quoque,
1270 2431 1421 2511 quem>
1454 2464 1584 2498 nunc
1636 2463 1742 2496 cum

228 2529 351 2578 meis
387 2531 596 2581 saevitia
635 2530 850 2581 Turcica
888 2532 1097 2582 sedibus
1144 2532 1385 2597 bonisque
1416 2533 1591 2598 patriis
1618 2533 1744 2581 eiec-

231 2617 334 2662 tum
360 2621 418 2663 ac
456 2621 703 2666 extorrem
742 2617 793 2666 in
832 2618 1010 2667 umbra
1063 2617 1254 2667 alarum
1293 2623 1407 2667 tuae
1435 2616 1744 2667 celsitudinis

231 2699 520 2748 commorari
559 2701 706 2765 cogit,
745 2716 931 2751 mecum
973 2701 1300 2763 consideravi,
1343 2707 1404 2762 et,
1435 2706 1487 2751 ut
1512 2706 1743 2765 pacatam

230 2781 408 2830 saltem
445 2782 542 2832 iam
579 2785 660 2834 hic
696 2786 813 2835 mihi
854 2788 1074 2851 meisque
1112 2788 1389 2836 mansionis
1430 2787 1596 2835 sedem
1626 2801 1743 2833 nan-

230 2865 350 2914 cisci
374 2881 589 2932 possem,
629 2869 916 2921 ardentibus
958 2872 1068 2920 Deo
1096 2871 1483 2921 clementissimo
1510 2869 1640 2918 votis
1668 2886 1744 2919 sa-

229 2949 386 3000 lutem
412 2951 555 3001 huius
579 2953 863 3017 provinciae
889 2956 1239 3005 commendavi.
1283 2955 1467 3005 Verum
1493 2954 1743 3003 enimvero
