2112 3288
485 197 586 252 114
1028 217 1089 254 10.
1117 217 1248 255 Dncn
1275 219 1473 257 BARoVn

479 335 549 384 sis
575 351 672 385 non
697 341 961 400 amputant,
1001 338 1091 386 sed
1130 342 1343 400 gutture,
1397 344 1667 403 ventroque
1716 338 1966 389 lethaliter

478 418 733 469 vulnerato
760 435 920 482 aures,
971 422 1052 470 vel
1086 436 1233 471 nares
1272 422 1518 486 cordaque
1559 427 1732 472 execta
1755 422 1806 472 in
1830 423 1967 473 testi-

476 503 686 553 monium
710 503 948 553 victorum
975 520 1005 553 a
1030 519 1084 554 se
1110 504 1321 555 hostium
1347 521 1510 556 secum
1536 511 1808 571 asportant.
1842 505 1966 557 Sunt

477 587 540 635 ad
564 586 687 636 haec
713 593 838 647 asta,
877 603 936 636 ac
970 587 1179 652 perfidia
1214 589 1326 652 plus
1364 605 1508 653 quam
1544 590 1735 654 punica,
1774 594 1823 639 et
1853 591 1965 640 bar-

475 670 617 733 bara;
641 686 752 719 nam
778 686 884 719 cum
909 671 1106 735 aliquod
1133 672 1360 736 oppidum
1386 672 1624 732 obsident,
1651 673 1966 724 blandiuntur

476 753 646 803 mirum
683 755 735 803 in
771 755 963 805 modum
1002 755 1281 820 oppidanis,
1338 770 1520 820 eosque
1570 756 1631 805 ad
1674 756 1968 807 deditionem

475 836 745 900 hortantur,
772 838 1017 902 multaque
1042 839 1104 887 iis
1118 839 1423 903 pollicentur,
1451 855 1563 888 mox
1589 840 1691 889 voti
1717 846 1967 906 compotes

474 918 606 981 facti,
633 921 891 984 promissis
928 937 1025 969 non
1064 922 1290 983 servatis,
1329 928 1500 986 captos
1539 938 1708 973 omnes
1735 923 1798 972 ad
1822 939 1968 973 unum

476 1003 655 1066 partim
682 1005 901 1065 caedunt,
928 1005 1108 1068 partim
1133 1005 1183 1053 in
1217 1005 1369 1055 diram
1400 1006 1687 1056 servitutem
1724 1007 1966 1071 redigunt.

473 1087 646 1150 Itaque
674 1088 785 1137 dolo
812 1088 985 1150 magis,
1014 1103 1159 1151 quam
1184 1089 1374 1137 viribus
1402 1089 1645 1151 dimicant,
1674 1095 1722 1139 et
1747 1091 1797 1139 in
1811 1095 1968 1140 certa-

472 1185 582 1217 men
620 1170 917 1231 descensuri,
959 1170 1186 1234 pernices
1226 1172 1466 1234 quosdam
1505 1173 1695 1235 equites
1739 1172 1967 1238 praemit-

471 1257 591 1314 tunt,
618 1253 701 1316 qui
719 1254 841 1302 nihil
867 1254 1076 1316 rapiunt,
1105 1254 1409 1318 caeduntque
1436 1270 1631 1319 pecora,
1658 1257 1830 1306 obvios
1851 1257 1967 1306 dun-

473 1341 614 1384 taxat
641 1351 859 1400 quosque
887 1338 1192 1397 obtruncant,
1219 1342 1303 1386 aut
1327 1337 1513 1400 fugant,
1540 1344 1654 1402 post
1677 1339 1768 1389 hos
1792 1340 1964 1389 immit-

469 1423 574 1468 tunt
600 1420 739 1482 alios,
769 1420 851 1485 qui
875 1420 1090 1485 praedas
1117 1425 1282 1483 agant,
1310 1425 1358 1470 et
1371 1426 1618 1485 tamquam
1646 1438 1795 1485 canes
1822 1439 1967 1487 saga-

469 1517 551 1551 ces
578 1503 714 1552 miris
743 1504 933 1553 artibus
959 1504 1167 1553 miseros
1194 1504 1415 1554 homines
1453 1505 1715 1569 inquirant.
1757 1561 1759 1563 .

613 1586 899 1650 Prospectis
936 1587 1162 1637 hostibus
1202 1588 1339 1636 multi
1377 1604 1438 1638 ex
1479 1590 1673 1652 agmine
1710 1589 1966 1654 prodeunt,

468 1670 550 1733 qui
574 1669 658 1718 ubi
684 1670 748 1718 ad
774 1685 1093 1733 congressum
1121 1686 1313 1731 venere,
1339 1671 1484 1721 iactis
1500 1673 1656 1722 tribus
1694 1672 1962 1737 quatuorve

464 1753 577 1802 telis
603 1754 826 1818 protinus
854 1755 916 1802 ad
943 1769 1058 1803 suos
1084 1755 1442 1817 regrediuntur,
1479 1761 1532 1805 ut
1569 1756 1633 1805 ad
1669 1758 1859 1819 positas
1892 1757 1961 1806 in·
1996 1761 2003 1770 “

467 1836 622 1885 sidias
649 1851 736 1885 eos
771 1836 1003 1897 alliciant,
1031 1836 1080 1884 id
1117 1837 1202 1885 ubi
1239 1838 1433 1899 factum,
1473 1853 1560 1887 eos
1588 1839 1845 1888 confestim
1872 1840 1963 1888 cir-

467 1921 787 1980 cumveniunt,
827 1936 887 1969 ac
924 1921 1229 1969 obtruncant.
1283 1919 1336 1969 Si
1368 1937 1597 1984 magnum
1636 1922 1878 1972 adversus
1906 1937 1960 1971 se

465 2004 730 2053 exercitum
757 2004 1113 2067 conspicantur,
1141 2004 1386 2053 declinata
1411 2019 1592 2068 pugna,
1618 2004 1777 2055 triduo
1804 2008 1959 2054 retro-

464 2088 654 2147 cedunt,
681 2091 730 2135 et
755 2087 903 2135 aliam
928 2086 1180 2149 regionem
1229 2087 1462 2150 aggressi
1500 2088 1745 2152 diripiunt,
1784 2088 1833 2136 in
1858 2103 1956 2138 mu-

465 2171 720 2219 nitissimis
760 2170 1052 2233 quandoque
1091 2170 1228 2230 locis,
1267 2185 1423 2233 usque
1462 2169 1586 2220 adeo
1621 2175 1883 2232 morantur,
1908 2176 1961 2221 ut

464 2254 643 2314 furtim,
670 2260 718 2302 et
745 2269 806 2302 ex
832 2253 1100 2317 improviso
1127 2253 1389 2314 incautum,
1419 2255 1500 2303 vel
1541 2253 1750 2303 divisum
1775 2254 1959 2303 exerci-

464 2342 564 2386 tum
589 2337 800 2386 hostium
827 2336 1123 2384 adoriantur.
1162 2336 1421 2400 Principes
1460 2351 1628 2386 eorum
1665 2338 1715 2386 in
1741 2354 1957 2402 pugnam

462 2435 559 2468 non
585 2420 896 2480 descendunt,
925 2420 1014 2468 sed
1038 2421 1209 2482 procul
1250 2421 1380 2469 inter
1411 2436 1607 2485 puerOS,
1633 2437 1692 2471 ac
1716 2423 1955 2472 foeminas

462 2504 512 2552 in
539 2503 677 2567 equis
703 2503 894 2567 praelia
919 2518 1115 2551 suorum
1136 2508 1373 2566 spectant.
1402 2503 1704 2569 Quandoque
1731 2506 1890 2567 etiam,
1903 2510 1956 2555 ut
2004 2507 2006 2510 ’

463 2587 618 2649 maior
644 2587 892 2651 copiarum
918 2602 1146 2635 numerus
1185 2592 1439 2651 appareat,
1478 2587 1688 2637 humana
1726 2589 1865 2652 equis
1891 2589 1954 2638 si-

462 2671 681 2718 mulacra
716 2670 980 2733 imponunt.
1031 2669 1178 2719 Hosti
1227 2670 1493 2719 fortissime
1532 2673 1769 2735 pugnanti
1805 2673 1954 2735 fugae

463 2754 594 2802 viam
619 2747 931 2818 patefaciunt,
959 2758 1007 2801 e‘t
1030 2759 1127 2802 tam
1154 2755 1332 2815 aversi,
1373 2771 1517 2818 quam
1561 2757 1760 2806 adversi
1797 2773 1953 2821 aeque

463 2822 564 2885 tela
590 2838 639 2885 in
665 2838 837 2886 hostes
877 2837 1147 2886 coniiciunt.
1176 2835 1298 2886 Cum
1336 2839 1550 2902 aliquam
1587 2840 1806 2889 invasuri
1842 2845 1954 2889 sunt

463 2921 726 2982 regionem,
779 2926 1038 2984 antequam
1077 2921 1139 2968 ad
1176 2921 1310 2970 illam
1337 2923 1638 2986 perveniant,
1663 2923 1952 2973 latissimum

464 3020 639 3067 agmen
665 3004 865 3065 faciunt,
903 3005 985 3053 ubi
1025 3019 1142 3052 vero
1186 3005 1248 3053 ad
1285 3006 1407 3054 fines
1450 3006 1553 3055 eius
1579 3007 1836 3070 appulsum
1863 3012 1951 3068 est,

2109 2718 2112 2727 -
2103 2610 2112 2642 ..⁴
2101 2461 2112 2590 „sunni-122
2110 2421 2112 2423 .
