2112 3288
416 153 519 204 152
962 170 1027 203 10.
1052 170 1184 203 lmen
1210 171 1405 203 BAnovn

413 285 623 350 cognita,
652 286 814 335 omnia
851 286 952 334 vini
997 286 1130 336 dolia
1179 286 1392 339 diffundi,
1444 286 1726 350 vinumque,
1762 301 1823 334 ne
1850 301 1908 335 eo

413 370 592 418 milites
617 369 933 431 inebrientur,
952 384 1035 418 cor
1047 370 1205 433 rumpi
1231 369 1395 418 edixit.
1422 368 1553 427 Mox,
1567 383 1627 416 ne
1641 368 1909 432 ingruenti-

412 453 505 502 bus
529 452 769 502 Barbaris
797 453 993 502 occasio
1036 453 1195 502 cladis
1221 452 1553 501 refundendae
1583 452 1794 513 daretur,
1813 450 1910 501 col-

413 536 556 586 lectis
591 536 813 584 omnibus
850 535 1066 599 praedis,
1107 551 1230 599 quae
1258 535 1665 599 opulentissimae
1702 535 1907 595 fuerunt,

417 620 718 682 incensaque
744 619 880 676 urbe,
907 634 981 678 ea,
1010 634 1105 682 qua
1131 624 1382 677 venerant,
1409 619 1505 679 via,
1532 623 1739 667 ovantes
1765 633 1912 683 prae·-

418 703 590 766 disque
628 702 784 762 ditati,
810 702 1015 751 traiecto
1055 701 1312 762 DanubiO,
1363 702 1674 766 paucissimis
1714 716 1930 751 suorum.

419 785 615 835 amissis
640 785 691 833 in
719 786 1139 849 Transylvaniam
1164 785 1426 834 redierunt.
1456 785 1552 834 His
1579 800 1676 833 non
1701 785 1915 834 contenti

418 870 586 930 nostri,
614 870 783 918 varias
811 886 836 918 e
853 870 1190 934 Transalpina
1215 870 1266 918 in
1290 870 1589 933 longinquas
1618 869 1765 919 etiam
1791 869 1915 918 Tur-

419 969 584 1003 carum
609 968 723 1002 oras
748 939 920 1002 fecere
947 953 1282 1013 excursiones,
1313 953 1489 1016 quibus
1526 953 1577 1001 in
1617 953 1773 1002 diram
1799 968 1916 1017 gen-

419 1042 517 1086 tem
565 1037 866 1086 felicissimis
916 1037 1097 1100 ubique
1136 1036 1448 1085 successibus
1494 1037 1713 1099 grassati
1761 1036 1915 1085 fuere.

426 1120 554 1170 Nam
607 1124 655 1168 et
694 1118 1007 1183 Gyrgioviae
1058 1120 1161 1167 arci
1198 1118 1558 1168 circumiectum
1585 1117 1831 1182 oppidum,
1869 1122 1920 1166 et

422 1201 755 1261 Dreslovium,
783 1207 831 1250 et
859 1201 1111 1266 complura
1137 1203 1238 1251 alia
1274 1202 1518 1251 Turcicae
1559 1201 1759 1250 ditionis
1796 1200 1919 1260 loca,

423 1284 646 1332 incendio
673 1285 1067 1349 absumpserunt,
1095 1290 1143 1333 et
1169 1285 1233 1334 ad
1275 1284 1555 1349 Nicop‘olim
1591 1299 1747 1348 usque
1783 1283 1917 1332 ferro

424 1367 734 1431 flammaque,
749 1367 870 1417 duce
885 1369 1132 1418 Michaele
1147 1368 1394 1432 VajVoda,
1415 1367 1608 1417 vasallo
1635 1372 1749 1416 tunc
1766 1364 1921 1430 Sigis-

425 1449 590 1498 mundi
615 1449 876 1514 Principis,
893 1456 1066 1500 cuncta
1090 1456 1364 1500 vastarunt.
1391 1449 1491 1500 Sed
1514 1451 1567 1499 in
1592 1449 1672 1498 his
1700 1449 1922 1499 omnibus

425 1533 610 1598 primas
647 1534 802 1583 tenuit
853 1535 1224 1599 opulentissima
1259 1533 1348 1584 illa
1386 1534 1589 1584 Martini
1614 1533 1824 1594 Horat,
1865 1531 1922 1581 li-

426 1618 654 1666 berorum
680 1618 896 1681 peditum
935 1618 1088 1680 duciS,
1117 1618 1380 1682 expeditio,
1430 1632 1573 1681 quam
1610 1632 1717 1665 cum
1753 1615 1925 1678 paucis

430 1706 734 1764 susceperat,
787 1718 846 1750 ac
895 1707 1106 1751 montem
1130 1701 1374 1750 Haemum
1414 1706 1789 1761 transgressus,
1827 1713 1924 1748 non

429 1784 600 1848 procul
641 1800 670 1832 a
708 1782 896 1848 Sophia
931 1786 1053 1834 urbe
1093 1783 1359 1846 Thraciae,
1398 1783 1641 1832 aerarium
1680 1781 1924 1846 quoddam

429 1867 674 1929 publicum
700 1867 980 1932 diripuerat.
1011 1866 1264 1932 Sumptum
1291 1868 1419 1916 enim
1435 1866 1542 1916 auri
1573 1865 1685 1914 inde
1711 1864 1923 1928 argenti-

432 1964 525 2013 que
551 1949 802 1998 adduxere
815 1950 986 2011 nostri,
1014 1955 1194 2014 quanto
1221 1951 1414 1999 omnino
1460 1948 1662 1999 ferendo
1701 1948 1751 1997 in
1787 1951 1927 1997 tanta

433 2032 652 2081 locorum
679 2031 1051 2100 longinquitate
1068 2047 1228 2097 ‚pares
1254 2033 1462 2082 fuerunt.

862 2290 1093 2341 GAPVT
1133 2289 1488 2341 OCTAVVM.

438 2413 514 2460 De
566 2412 840 2470 Mohamete,
892 2410 1150 2459 Amzoratlzi
1193 2413 1333 2474 patri
1381 2409 1645 2471 substituto,
1707 2418 1927 2476 stranyu-

720 2494 923 2561 latisque
960 2495 1215 2542 octodecim
1241 2492 1492 2555 fratribus
1529 2495 1639 2540 eius.

550 2648 552 2652 -
581 2614 711 2663 Dum
772 2613 895 2662 haec
956 2607 1180 2676 aguntur,
1243 2611 1584 2660 Ferdinandus
1636 2609 1929 2660 Archi-Dux

439 2695 688 2755 Austriae,
716 2695 924 2744 senioris
950 2695 1253 2743 Ferdinandi
1268 2694 1587 2759 Imperatoris
1600 2694 1748 2755 filius,
1774 2693 1927 2743 Maxi-

440 2779 624 2830 miliani
649 2779 715 2827 II.
742 2779 1059 2842 imperatoris
1099 2783 1147 2827 et
1182 2777 1351 2828 Caroli
1387 2779 1558 2837 frater,
1601 2776 1877 2841 Oeniponte
1903 2792 1930 2825 e

444 2862 572 2911 vivis
600 2863 819 2912 excessit
847 2863 988 2912 XIV.
1006 2863 1225 2911 Ianuarii
1239 2862 1429 2922 Iuliani,
1446 2862 1522 2910 cui
1534 2859 1823 2926 Rodolphus
1842 2860 1934 2909 Im·

442 2950 656 3016 perator,
670 2946 839 2996 fratris
855 2946 1056 3009 filius,in
1064 2946 1416 3009 gubernatione
1427 2946 1682 2996 comitatus
1690 2943 1931 3016 Tyroleu-
