2112 3288
380 131 447 181 38
898 146 961 179 10.
989 146 1122 179 meon
1147 146 1345 179 BAnovn

720 555 1033 618 LIBER
1080 545 1531 619 TERTIVS.

850 720 1083 770 CAPVT
1122 720 1411 770 PRIMVM.

480 843 556 890 De
595 843 788 890 Aarone
829 858 885 888 ex
924 842 1227 904 Principatu
1265 841 1543 889 Moldaviae
1581 841 1775 891 deiecto.

524 948 803 1012 Antequam
842 954 1004 998 autem
1041 948 1247 998 ulterius
1284 948 1685 1017 progrediamur,
1730 949 1863 998 vide-

382 1039 461 1083 tur
487 1033 567 1083 hie
591 1033 740 1097 paulo
766 1033 914 1082 altius
941 1032 1284 1097 repetendum,
1324 1048 1448 1096 quae
1475 1047 1625 1082 eausa
1662 1031 1872 1083 Caesari

384 1116 556 1175 fuerit,
596 1114 795 1163 Aarone
820 1115 870 1163 in
894 1115 1023 1164 huno
1048 1115 1240 1164 modum
1266 1115 1545 1175 debilitato,
1571 1117 1876 1180 propositum

382 1199 478 1247 sibi
511 1199 654 1245 finem
681 1198 992 1261 assequendi.
1031 1198 1157 1246 Erat
1182 1196 1368 1246 Aaroni
1393 1213 1489 1245 non
1522 1198 1591 1246 ita
1616 1200 1768 1248 multo
1796 1214 1877 1248 an-

383 1287 434 1330 te
475 1280 789 1343 Principatus
837 1280 1118 1331 Moldaviae
1158 1281 1438 1344 ademptus,
1479 1280 1560 1344 qui
1598 1281 1772 1344 quavis
1811 1281 1872 1330 de

382 1379 561 1424 eausa,
589 1363 813 1424 maxime,
841 1364 997 1428 siquis
1025 1364 1181 1428 pluris
1207 1364 1438 1424 liceatur,
1463 1364 1641 1413 mutari
1664 1364 1735 1413 ibi
1761 1365 1874 1422 sub-

381 1446 494 1496 inde
521 1446 666 1495 etiam
708 1446 975 1496 consuevit.
1015 1445 1185 1495 Aaron
1223 1446 1373 1509 igitur
1400 1461 1506 1494 oum
1531 1446 1629 1495 iam
1653 1448 1876 1511 privatus

385 1529 449 1578 ad
474 1528 636 1577 aulam
663 1528 928 1577 Turoioam
964 1529 1058 1577 iter
1085 1544 1223 1578 suum
1249 1529 1569 1590 intendisset,
1607 1544 1698 1578 neo
1728 1530 1877 1593 longe

385 1610 816 1674 Constantinopoli
856 1611 1082 1670 abesset,
1124 1628 1154 1660 a
1194 1610 1417 1662 Seiansio
1445 1611 1632 1672 Bassa,
1672 1612 1878 1675 quitum

386 1695 530 1743 aulae
557 1692 801 1742 Turoioae
827 1697 1069 1758 praeerat,
1095 1698 1149 1742 ut
1175 1694 1279 1743 eius
1295 1694 1469 1757 opibus
1483 1694 1734 1758 potiretur,
1761 1710 1872 1759 oap-

385 1781 489 1836 tus,
532 1780 580 1824 et
613 1787 703 1840 per
729 1790 963 1824 summam
989 1776 1329 1825 contumeliam
1355 1775 1573 1837 vinetus,
1611 1776 1661 1824 in
1695 1777 1867 1826 urbem

387 1859 624 1909 adductus
662 1858 765 1907 fuit.
804 1859 882 1907 Ea
918 1874 1001 1907 res
1039 1856 1249 1907 Caesari
1285 1858 1595 1920 renunciata,
1633 1858 1875 1908 hominem
1939 1863 1946 1866 “

387 1941 672 2006 supplicem,
701 1941 764 1989 ad
790 1942 894 1990 eius
908 1941 1291 1991 misericordiam
1317 1945 1491 2005 sponte
1505 1941 1875 2004 confugientem,

386 2030 487 2073 tam
510 2024 727 2086 indignis
753 2024 911 2073 modis
931 2025 1086 2090 fuisse
1113 2029 1376 2088 acceptum,
1404 2023 1548 2073 sicuti
1573 2024 1782 2074 salutem
1807 2030 1877 2074 at-

387 2108 497 2156 tulit
523 2106 724 2167 Aaroni,
738 2107 809 2155 ita
822 2123 994 2171 parum
1009 2108 1178 2170 abfuit,
1205 2108 1321 2171 quin
1348 2106 1622 2174 Seiansium
1650 2124 1711 2157 ex
1734 2108 1879 2172 primi

388 2190 484 2237 loei
511 2189 750 2251 dignitate
781 2190 1100 2254 praeeipitem
1127 2190 1279 2239 daret.
1319 2192 1397 2239 Ita
1435 2190 1672 2254 siquidem
1711 2205 1878 2239 acoen-

391 2286 476 2319 sus
501 2271 551 2318 in
579 2285 686 2319 eum
713 2270 902 2320 Caesar
927 2273 1116 2332 fuerat,
1154 2277 1207 2321 ut
1232 2273 1316 2321 vix
1342 2272 1534 2320 omnino
1563 2272 1761 2321 exorari
1791 2288 1876 2338 po-

389 2353 559 2413 tuerit,
597 2369 659 2401 ne
692 2353 737 2401 ei
764 2354 1051 2416 dignitatem
1078 2356 1358 2418 abrogaret.
1397 2355 1611 2404 Proinde
1647 2355 1876 2405 misertus

392 2434 581 2484 Caesar
607 2434 847 2496 AaroniS,
886 2436 1219 2501 Principatum
1244 2452 1414 2486 rursus
1442 2438 1497 2486 ei
1522 2438 1744 2502 pristinis
1770 2453 1876 2488 oum

393 2519 749 2569 conditionibus
775 2520 1001 2570 restituit.
1052 2565 1056 2571 .
