2112 3288
441 229 542 280 212
980 244 1042 277 10.
1069 244 1201 277 Dncn
1234 243 1429 277 BARovn

910 405 1143 457 OAPVT
1183 407 1328 458 NON
1336 407 1449 457 VM.

442 517 519 564 De
555 517 767 581 inyressa
805 515 1063 579 Principis
1099 518 1151 565 in
1194 514 1588 578 Transalpinam,
1639 519 1681 559 et
1719 511 1923 575 augurio

1085 599 1291 662 aquilae.

579 694 843 759 Postquam
879 710 1046 744 omnes
1094 695 1304 759 undique
1354 693 1522 759 copiae
1574 692 1814 749 coierunt,
1865 693 1914 738 et

442 777 702 841 diligenter
725 779 962 827 lustratae
987 778 1124 828 iuxta
1150 783 1295 842 atque
1323 781 1540 827 armatae
1553 776 1759 835 fuerunt,
1785 771 1921 821 Prin-

446 877 561 927 ceps
597 861 717 910 nihil
753 862 850 910 iam
886 861 1015 910 ultra
1053 861 1369 911 cunctandum
1394 866 1545 922 ratus,
1570 855 1924 923 impedimentis

445 946 730 1011 praemissis
745 961 851 995 cum
866 945 993 995 omni
1020 946 1248 1007 exercitu,
1274 946 1470 1010 alpibus
1490 958 1641 1007 aegre
1668 943 1729 993 ob
1757 953 1926 990 coeno-

445 1030 625 1079 sissimi
649 1029 836 1078 itineris
863 1028 1193 1078 difficultatem
1235 1034 1283 1078 et
1309 1028 1562 1092 angustias
1589 1024 1849 1091 superatis,
1874 1023 1925 1073 in

447 1113 824 1178 Transalpinam
859 1113 1110 1177 profectus
1148 1117 1248 1175 est,
1287 1112 1449 1175 ibique
1477 1109 1567 1159 IV.
1596 1110 1674 1158 die
1710 1107 1924 1158 octobris

449 1197 511 1246 ad
547 1196 758 1261 mapalia
799 1195 1013 1246 Rukkae
1052 1196 1148 1245 vici
1184 1197 1234 1246 in
1282 1195 1505 1244 faucibus
1543 1194 1724 1258 alpium
1764 1196 1928 1242 castra

426 1271 653 1330 metatus
681 1285 769 1328 est.
807 1280 885 1329 Ibi
925 1280 1034 1329 dum
1070 1280 1326 1329 tentorium
1358 1278 1600 1343 Principis
1639 1275 1926 1335 extenditur,

448 1380 555 1414 cum
601 1363 809 1413 nondum
857 1364 1064 1428 ipsemet
1101 1379 1159 1412 eo
1208 1363 1527 1428 pervenisset,
1579 1361 1745 1426 aquila
1790 1360 1926 1410 senio

446 1448 543 1496 iam
579 1447 801 1497 albicans
846 1447 1102 1511 praecipiti
1150 1448 1317 1497 volatu
1366 1462 1428 1496 ex
1477 1445 1671 1510 alpibus
1721 1444 1928 1509 delapsa

449 1536 537 1591 est,
582 1536 630 1580 et
666 1547 812 1580 manu
848 1532 910 1580 ab
946 1531 1283 1593 ingruentibus
1320 1530 1663 1595 praetorianiS‚
1712 1544 1816 1579 eum
1852 1543 1927 1578 re-

447 1620 591 1680 pente
628 1614 770 1663 humo
803 1629 857 1663 se
892 1631 1012 1678 prae
1048 1614 1378 1678 magnitudine
1415 1614 1588 1663 tollere
1613 1629 1711 1663 non
1736 1617 1920 1677 posset,

450 1697 811 1762 comprehensa,
849 1712 907 1745 ac
932 1697 995 1746 ad
1020 1696 1296 1762 Principem
1321 1697 1538 1746 deducta.
1565 1696 1763 1746 Terruit
1788 1710 1928 1745 omen

450 1781 690 1846 Principis
730 1786 941 1843 cunctOS,
969 1782 1108 1845 quasi
1134 1781 1196 1831 ad
1222 1781 1432 1830 cadaver
1456 1781 1666 1829 futurum
1691 1794 1749 1827 eo
1764 1778 1928 1842 aquila

452 1852 748 1925 advolasset,
775 1871 823 1914 et
849 1881 953 1914 cum
979 1865 1144 1929 aquila
1168 1865 1375 1914 Romani
1394 1864 1591 1929 Imperii
1631 1863 1696 1912 sit
1721 1862 1925 1924 signum,

454 1964 513 1997 ea
549 1953 693 2012 capta
729 1949 994 2012 periculum
1043 1949 1225 1998 nostris
1261 1948 1544 1997 immineret.
1596 1946 1694 1996 Sed
1743 1957 1848 1994 cum
1896 1959 1927 1992 a

452 2032 624 2097 peritis
673 2032 985 2081 historiarum
1031 2033 1236 2096 peritius
1264 2032 1574 2081 considerata
1610 2045 1691 2080 res
1726 2029 1927 2077 fuisset:
1962 2042 1964 2044 ·

455 2115 675 2179 quamvis
699 2115 849 2165 futuri
875 2120 1076 2165 eventus
1104 2115 1198 2164 soli
1216 2116 1325 2165 Deo
1352 2119 1656 2175 constarent3
1681 2118 1844 2162 tamen
1869 2126 1930 2160 ex

455 2199 697 2250 annotatis
734 2199 1042 2248 historiarum
1080 2215 1174 2248 non
1212 2199 1486 2250 dubitanter
1523 2199 1931 2258 asseveraverunt

457 2283 712 2344 doctiores»,
739 2298 879 2331 omen
902 2283 953 2331 id
976 2283 1294 2332 laetissimum
1332 2298 1456 2343 esse,
1494 2287 1542 2330 et
1566 2280 1757 2330 nonnisi
1781 2279 1929 2328 victo-

456 2367 579 2416 riam
605 2367 983 2427 celeberrimam,
1023 2371 1071 2415 et
1109 2367 1363 2415 maximam
1402 2365 1655 2428 dignitatis
1693 2364 1929 2413 accessio-

456 2467 565 2500 nem
612 2449 829 2514 Principi
876 2450 1180 2513 portendere.
1233 2450 1553 2499 Meminerant
1590 2448 1930 2498 Aristandrum

459 2533 660 2596 augurio
699 2532 891 2595 aquilae
939 2532 1224 2581 traiicientis
1280 2532 1330 2580 in
1365 2533 1547 2591 hostes,
1597 2531 1929 2581 Alexandrum

459 2618 690 2667 victorem
726 2616 1047 2680 portendisse.
1098 2615 1219 2665 Cum
1258 2618 1529 2680 Tarquinio
1557 2616 1726 2666 Prisco
1767 2615 1931 2680 aquila

458 2702 642 2766 pileum·
671 2701 944 2755 detractum
982 2700 1130 2764 capiti
1166 2701 1214 2749 in
1255 2701 1460 2750 sublime
1498 2701 1760 2760 evexisset‚
1799 2715 1932 2749 mox-

461 2801 554 2848 que
578 2784 893 2849 reposuisset,
929 2783 1152 2846 Regnum
1189 2784 1233 2831 ei
1258 2784 1471 2834 ominata
1494 2785 1598 2833 fuit.
1646 2785 1758 2834 Non
1783 2784 1930 2832 multo

462 2869 586 2917 enim
610 2872 724 2932 post
736 2868 1059 2917 Romanorum
1073 2866 1181 2915 Rex
1208 2872 1400 2916 creatus
1425 2868 1528 2917 fuit.
1553 2867 1824 2916 Martianus
1851 2883 1932 2915 an-

459 2957 653 3015 tequam
679 2953 950 3015 Imperator
976 2956 1168 2999 creatus
1193 2950 1379 3012 fuisset,
1417 2951 1466 2999 in
1503 2950 1633 2999 bello
1660 2950 1930 3000 Vandalico

462 3041 687 3101 captusa
703 3033 985 3096 Genseric0‚
1011 3035 1301 3098 promiserat
1316 3050 1383 3095 se,
1411 3035 1453 3083 si
1481 3036 1752 3098 Imperator
1778 3034 1928 3095 fieret,
