2112 3288
505 169 606 222 174
1024 187 1092 222 ῑο.
1118 189 1249 222 onon
1274 189 1470 223 BAnovn

500 309 553 353 ta
578 304 744 365 forma,
783 302 1031 353 Caesareo
1061 320 1254 368 genere,
1294 307 1473 355 celebri
1509 306 1754 371 pudicitia,
1793 321 1975 356 summa

502 387 763 449 modestia,
802 393 851 437 et
888 388 1086 438 amabili
1123 390 1347 439 comitate
1383 390 1654 455 praeditam
1682 405 1741 438 cx
1769 390 1974 440 omnium

504 472 807 521 sermonibus
839 478 1139 538 perceperat.
1165 473 1259 522 His
1286 474 1550 523 accedebat
1587 474 1762 524 chorus
1800 478 1976 524 matro-

501 556 679 605 nalium
705 556 933 606 virtutum
959 557 1104 606 etiam
1130 571 1280 620 supra
1304 574 1446 622 quam
1482 573 1630 607 sexus
1667 559 1750 608 ille
1787 562 1977 622 patere-

499 645 592 700 tur,
633 640 807 703 quibus
846 639 1082 705 Princeps
1110 641 1397 690 adolescens
1437 657 1688 702 accensus,
1726 641 1774 689 in
1817 641 1975 704 legiti-

502 738 626 771 mum
676 723 779 772 eius
830 738 1041 772 amorem
1095 739 1150 772 se
1189 724 1475 773 coniecerat.
1526 725 1619 773 His
1660 739 1778 788 ergo
1817 730 1973 775 motus

502 801 737 871 Princeps
778 811 826 854 et
866 807 1008 856 simul
1047 807 1105 855 de
1143 808 1393 857 voluntate
1430 808 1778 874 Maximiliani,
1819 808 1974 858 literis

508 891 742 956 Stephani
756 891 976 941 Boczkai
991 892 1167 941 certior
1180 893 1351 950 factus,
1366 898 1418 941 ut
1442 893 1621 942 famam
1649 893 1886 942 adventus
1899 893 1975 942 sui

504 975 753 1024 celeritate
767 976 1091 1038 praeveniret,
1102 981 1284 1025 mutato
1298 976 1465 1026 habitu
1479 977 1654 1041 patrio,
1669 977 1974 1026 vestimentis

499 1058 679 1107 italicis
692 1058 902 1119 indutus,
914 1059 1204 1108 continuatis
1221 1059 1325 1107 dies
1338 1064 1600 1123 noctesque
1617 1059 1872 1109 itineribus
1881 1058 1973 1109 Ca·

500 1143 704 1191 rolinum
718 1141 957 1205 pervenit.
987 1141 1065 1191 Ibi
1079 1158 1109 1190 a
1128 1142 1460 1191 Maximiliano
1476 1142 1751 1192 Archiduce
1766 1141 1972 1207 Sponsa,

503 1226 752 1275 renovatis
780 1226 916 1289 prius
943 1226 1154 1275 foederis
1170 1226 1428 1290 capitibuS,
1443 1226 1699 1292 pactisque
1714 1226 1972 1284 dotalibus,

510 1309 650 1373 quasi
676 1325 702 1358 e
727 1324 869 1358 manu
882 1309 931 1356 in
945 1325 1135 1358 manum
1148 1309 1363 1374 Principi
1376 1309 1600 1358 traditur.
1623 1310 1741 1359 Mox
1754 1309 1974 1360 lustratis

500 1392 653 1458 copiis
680 1397 727 1441 et
752 1392 946 1441 collatis
975 1392 1034 1440 de
1062 1392 1248 1441 ratione
1274 1393 1393 1441 belli
1419 1397 1589 1442 contra
1613 1393 1863 1442 Barbaros
1890 1408 1973 1456 gc-

494 1476 632 1526 rendi
647 1475 900 1524 sententiis
929 1480 1075 1540 atque
1103 1476 1334 1539 consiliis,
1353 1492 1457 1526 cum
1480 1476 1675 1526 multam
1692 1476 1788 1526 sibi
1811 1481 1972 1529 mutuo

497 1562 701 1610 salutem
729 1559 982 1620 dixissent,
1010 1560 1222 1622 digressi
1237 1566 1360 1610 sunt.
1400 1561 1477 1609 Ita
1490 1560 1725 1625 Princeps
1751 1561 1971 1621 celerius,

497 1660 639 1708 quam
653 1649 869 1704 venerat,
884 1644 1073 1693 domum
1088 1660 1330 1705 reversus,
1352 1644 1613 1693 adventum
1627 1643 1861 1708 Sponsae,
1877 1660 1970 1709 quo

497 1728 656 1778 omnia
692 1727 871 1776 rectius
922 1733 1219 1789 curarentur,
1248 1729 1408 1778 Albae
1452 1728 1623 1777 statuit
1660 1728 1970 1792 praestolari.

495 1812 856 1862 Maximilianus
894 1812 1051 1874 etiam,
1077 1818 1334 1877 postquam
1372 1828 1588 1867 sororem
1632 1827 1768 1881 suam
1806 1812 1971 1862 multis

493 1895 913 1945 benedictionibus
951 1895 1240 1945 cumulatam
1277 1897 1441 1945 fausto
1486 1895 1642 1945 omine
1693 1895 1970 1958 dimisisset,

494 1995 599 2029 cum
625 1978 778 2044 copiis
805 1978 907 2028 suis
934 1978 1268 2029 Rakomazum
1293 1995 1555 2043 regressus
1583 1985 1670 2029 est.

933 2240 1162 2292 CAPVT
1203 2242 1534 2293 TERTIVM.

757 2359 833 2408 De
857 2360 1061 2408 adventu
1087 2357 1300 2423 Sponsae
1327 2356 1714 2409 Albam-Iuliam.

638 2476 867 2528 Carolino
883 2478 917 2528 S
927 2495 1084 2544 ponsa
1110 2495 1216 2528 cum
1231 2496 1408 2543 magna
1419 2475 1690 2545 Procerum}
1699 2495 1843 2529 manu
1855 2495 1965 2544 pro-

501 2576 677 2625 gressa
704 2557 1049 2628 Somlyoinum,
1075 2564 1186 2612 inde
1207 2563 1479 2613 Zilahinum
1505 2568 1651 2627 atque
1668 2562 1968 2613 Almasinum

500 2645 644 2694 venit.
694 2645 769 2695 Ibi
820 2663 850 2694 a
899 2644 1147 2710 Stephano
1199 2645 1389 2696 Chakio
1440 2646 1658 2711 principe
1707 2646 1966 2695 iuventutis

498 2729 935 2795 Trans'ylvanicae,
976 2747 1183 2794 magnae
1217 2732 1324 2795 spei
1378 2731 1702 2794 adolescente,
1744 2729 1967 2780 honorifi-

497 2814 770 2864 centissime
796 2815 846 2863 in
871 2831 983 2864 arce
1011 2830 1099 2864 sua
1128 2814 1422 2864 Almasiensi
1454 2815 1665 2879 hospitio
1699 2830 1803 2864 cum
1841 2814 1969 2862 omni

497 2898 726 2947 comitatu
776 2905 982 2962 excepta
1031 2898 1133 2947 fuit.
1183 2899 1301 2948 Inde
1353 2900 1573 2963 profecta
1612 2897 1965 2962 Claudiopolim

500 2981 700 3045 appulit,
754 2982 998 3032 civitatem
1046 2982 1451 3048 Transylvaniae,
1503 2983 1550 3031 in
1599 2982 1751 3046 primo
1803 2982 1965 3030 statim
