2112 3288
469 219 649 264 XLVIII
982 231 1112 263 DE0s1
1132 220 1271 264 alnos
1293 219 1438 263 anam

468 357 573 390 cum
597 342 731 392 nullo
757 356 906 392 aureo
933 347 1228 405 argenteove
1267 358 1463 391 munere
1489 357 1646 390 meam
1671 347 1784 391 tuae
1811 339 1952 392 celsi-

465 426 619 474 tudini
645 426 995 476 subiectionem
1020 424 1274 475 declarare
1300 440 1524 490 possem:
1552 424 1821 475 arbitratus
1847 440 1954 475 sum

465 526 541 559 me
567 525 670 559 rem
706 509 838 560 haud
884 508 1131 572 ingratam
1179 509 1463 558 inutilemve
1512 509 1752 558 facturum
1791 509 1835 558 si
1860 509 1953 559 hoc

463 596 628 658 legum
653 592 865 643 civilium
891 609 950 643 ac
986 593 1346 657 Vngaricarum
1372 592 1649 658 Syntagma
1672 597 1787 643 tuae
1813 592 1953 642 celsi-

461 678 642 728 tudinis
668 677 846 727 nomini
874 691 1227 738 consecrarem,
1265 682 1328 734 et,
1369 693 1494 742 quae
1520 677 1721 741 antiqua
1745 677 1953 727 formula

460 768 679 812 votorum
719 766 808 823 est,
851 760 1010 810 libens
1047 761 1219 810 merito
1245 776 1600 811 consecrarem.
1654 761 1856 820 Libens,
1881 760 1950 810 in-

461 862 618 910 quam,
644 850 844 909 propter
869 845 1149 894 memoriam
1168 844 1334 894 collati
1360 860 1515 909 nuper
1542 843 1755 907 benigne
1781 844 1831 892 in
1856 858 1951 893 me-

460 945 514 979 os
552 928 799 979 beneficii:
840 928 1148 977 meritissimo
1188 933 1348 978 autem
1387 929 1492 978 sive
1534 934 1663 978 tuam
1705 925 1948 976 celsitudi-

458 1031 586 1073 nem,
625 1014 729 1063 sive
769 1029 843 1062 me
880 1013 1040 1077 ipsum
1078 1028 1356 1077 respexero.
1396 1013 1557 1062 Decet
1596 1012 1721 1062 enim
1764 1010 1951 1060 Princi-

459 1099 623 1163 palem
649 1103 779 1146 tuam
806 1098 1113 1160 majestatem
1151 1112 1246 1145 non
1285 1098 1442 1147 solum
1485 1098 1634 1147 armis
1673 1097 1951 1145 decoratam

460 1181 548 1230 sed
575 1180 784 1230 sacratis
811 1180 958 1229 etiam
996 1181 1207 1243 legibus,
1247 1195 1510 1244 earumque
1535 1179 1810 1242 cognitione
1836 1192 1949 1228 esse

462 1265 708 1323 munitam,
759 1269 811 1312 ut
845 1268 1101 1327 utrumque
1137 1269 1342 1328 tempus,
1395 1280 1502 1314 cum
1546 1262 1798 1323 bellorum,
1848 1268 1947 1312 tum

457 1348 594 1412 pacis
644 1347 737 1395 rite
787 1361 1071 1410 summaque
1121 1363 1226 1396 cum
1266 1346 1411 1396 laude
1448 1346 1607 1411 possit
1655 1346 1948 1409 gubernare.

457 1431 572 1480 Etsi
600 1431 727 1480 enim
752 1431 891 1494 leges
918 1430 1064 1480 silent
1089 1431 1216 1480 inter
1253 1446 1390 1480 arma
1417 1449 1427 1478 z
1467 1437 1630 1480 tamen
1654 1429 1775 1480 nihil
1802 1429 1948 1494 impe-

455 1515 538 1574 dit,
585 1515 839 1579 quominus
889 1519 974 1563 tua
1012 1514 1252 1563 celsitudo
1301 1519 1354 1563 ut
1389 1514 1439 1562 in
1463 1530 1585 1579 pace
1635 1513 1830 1573 bellum,
1881 1515 1950 1566 ita

453 1605 669 1664 tempore
694 1597 814 1647 belli
847 1597 990 1662 pacis
1042 1603 1175 1646 artes
1214 1598 1484 1647 meditetur.
1537 1596 1788 1662 Siquidem
1826 1597 1947 1647 nihil

453 1688 542 1744 est,
584 1682 712 1746 quod
750 1681 905 1730 minus
931 1696 957 1730 e
996 1681 1270 1746 Republica
1304 1682 1382 1742 sit,
1424 1697 1568 1746 quam
1594 1680 1871 1746 Principem
1895 1683 1945 1732 in

452 1781 540 1815 sua
579 1765 740 1828 patria
789 1764 1100 1829 peregrinum
1139 1780 1198 1813 ac
1241 1765 1484 1830 hospitem
1526 1780 1656 1824 esse,
1706 1766 1942 1830 legesque

452 1864 654 1913 quarum
681 1853 729 1898 et
754 1847 972 1897 conditor
1002 1848 1329 1913 defensorque
1350 1849 1598 1909 bonarum,
1623 1854 1672 1898 et
1697 1854 1944 1898 corrector

450 1931 687 1982 malarum
713 1946 825 1981 esse
852 1931 1068 1991 deberet,
1095 1930 1341 1995 ignorare.
1385 1932 1453 1982 Vt
1477 1932 1604 1982 enim
1629 1931 1939 1996 Principibus

449 2017 613 2081 leges:
641 2016 711 2065 ita
736 2015 904 2078 regnis
930 2020 1167 2079 praesunt
1198 2015 1467 2080 PrincipeS‚
1494 2030 1707 2079 vereque
1734 2014 1831 2087 dici
1855 2030 1938 2080 po-

449 2106 546 2150 test
571 2100 912 2164 magistratum
939 2114 1050 2148 esse
1089 2100 1250 2162 legem
1276 2100 1567 2164 loquentem,
1594 2101 1754 2163 legem
1780 2105 1940 2149 autem

448 2189 627 2234 mutum
653 2184 1004 2248 magistratum.
1059 2185 1163 2232 Iam
1188 2199 1306 2234 vero
1333 2184 1427 2233 mei
1451 2199 1642 2248 quoque
1682 2186 1935 2248 respectu:

450 2268 672 2331 equidem
698 2283 795 2316 non
821 2267 977 2327 videO,
1005 2267 1080 2317 cui
1106 2268 1255 2316 hasce
1295 2283 1509 2317 mearum
1546 2266 1954 2317 lucubrationum

446 2352 686 2418 primitias
713 2351 890 2414 magiS,
915 2366 1057 2414 quam
1084 2355 1198 2400 tuae
1224 2351 1511 2411 celsitudini,
1540 2365 1831 2400 consecrare
1858 2351 1935 2398 vel

447 2436 694 2485 debuerim
733 2436 811 2483 vel
838 2430 1090 2499 potuerim.
1131 2435 1242 2484 Tua
1267 2434 1393 2483 enim
1419 2439 1510 2494 est,
1549 2429 1810 2484 secundum
1836 2434 1934 2482 De-

446 2537 536 2582 um,
564 2519 809 2570 celsitudo.
840 2524 986 2582 atque
1026 2518 1285 2568 clementia
1325 2518 1446 2578 sola,
1473 2534 1503 2567 a
1529 2533 1626 2582 qua
1649 2522 1699 2566 et
1723 2518 1932 2582 patroci-

446 2606 575 2655 nium
601 2610 771 2654 contra
798 2618 896 2663 eOS,
925 2603 1005 2666 qui
1022 2587 1250 2667 hocopus
1270 2602 1589 2667 improbaturi
1615 2608 1739 2659 sunt,
1764 2617 1935 2667 supre-

448 2705 588 2749 mum,
615 2687 1047 2750 certissimumque,
1076 2693 1124 2736 et
1138 2688 1405 2751 praemium
1431 2686 1664 2747 laborum,
1693 2686 1775 2750 qui
1801 2691 1932 2736 certe

443 2775 582 2824 fuere
621 2771 828 2831 maximi,
856 2772 980 2819 forte
1032 2786 1128 2819 non
1171 2770 1459 2819 immeritum
1505 2786 1707 2835 sperare
1746 2771 1823 2820 fas
1850 2770 1928 2819 sit.

448 2858 629 2921 Accipe
656 2856 819 2918 igitur,
847 2853 1186 2903 Illustrissime
1212 2853 1463 2919 PrincePS‚
1491 2855 1700 2903 Domine
1730 2855 1932 2902 clemen-

446 2941 646 3001 tissime,
693 2939 802 2988 dum
853 2937 1039 2987 maiora
1090 2954 1147 2987 ac
1198 2938 1528 2988 elaboratiora
1578 2938 1695 2987 dare
1745 2930 1927 3003 potero,
