2112 3288
599 174 663 208 nn
689 174 796 209 ann.
824 173 934 209 vno.
962 161 1071 209 nnc.
1100 176 1146 208 x.
1172 176 1215 209 L.
1248 177 1297 210 11.
1501 200 1507 202 -
1623 162 1696 214 19,

599 372 830 426 CAPVT
873 372 1269 427 SECVNDVM.

195 505 271 555 De
295 508 444 556 amita
475 504 701 557 Caesaris
738 523 842 556 eum
870 507 937 556 ad
962 506 1134 557 bellum
1173 516 1342 557 contra
1386 508 1687 561 Christianos

809 593 1056 641 excitante.

334 711 478 763 Haec
508 712 624 764 olim
651 710 851 762 Amhati
876 712 1070 762 Bassae
1095 727 1218 762 uxor
1242 713 1430 777 fuerat,
1468 714 1562 764 viri
1587 720 1687 765 tum

192 794 304 847 aule
331 796 571 849 Turcioae
597 797 761 862 gratia
786 796 1092 862 potissimum
1116 796 1362 860 florentis,
1391 815 1453 848 ex
1481 815 1574 864 quo
1602 800 1689 849 ali-

191 887 311 945 quot
334 882 519 933 liberos
546 897 734 945 mares,
763 898 971 947 magnae
997 882 1094 931 iam
1121 882 1229 947 spei
1260 882 1462 933 iuvenes
1489 896 1688 950 suscep-

193 969 272 1015 tos
310 966 550 1029 habebat,
589 982 792 1032 quorum
817 971 935 1017 natu
971 966 1211 1016 maximus
1237 967 1426 1032 Illyrici
1462 968 1692 1019 Praefec-

191 1053 271 1100 tus
296 1050 346 1101 in
364 1051 588 1117 proximo
615 1049 882 1102 Siseoiensi
906 1051 1110 1116 praelio,
1138 1067 1246 1101 cum
1270 1053 1434 1102 multis
1449 1052 1561 1102 aliis
1582 1053 1687 1103 eius

188 1134 374 1187 ordinis
398 1136 594 1188 flumine
619 1135 822 1202 Colapis
848 1137 1069 1198 haustus,
1084 1135 1353 1187 interierat.
1381 1137 1504 1187 Eius
1530 1144 1686 1188 morte

189 1225 346 1271 mater
371 1222 534 1286 anxia,
560 1226 666 1272 tota
691 1222 871 1272 ardens
897 1220 1164 1271 ulciscendi
1194 1221 1475 1287 cupiditate,
1502 1238 1686 1273 moram

191 1321 379 1356 omnem
403 1343 413 1368 ,
441 1321 568 1371 quae
607 1307 1036 1371 interponebatur,
1076 1305 1200 1355 adeo
1234 1305 1506 1372 impatienti
1530 1308 1687 1356 fertur

191 1390 352 1440 animo
374 1390 575 1453 tulisse,
608 1396 661 1441 ut
686 1395 887 1456 captata
914 1389 1150 1440 Caesaris
1178 1390 1387 1440 adeundi
1413 1391 1685 1454 occasione,

187 1480 330 1526 nocte
355 1475 650 1541 intempesta
674 1475 874 1539 lugubri
898 1474 1097 1536 habitu,
1139 1480 1188 1524 et
1212 1476 1351 1525 vultu
1389 1475 1452 1525 ad
1489 1479 1685 1528 moesti-

189 1561 308 1627 tiam
333 1561 627 1626 compositO,
667 1560 731 1610 ad
768 1577 876 1611 eum
912 1561 1142 1624 ingressa
1165 1561 1338 1623 fuerit,
1378 1567 1427 1612 et
1463 1563 1554 1612 tali
1578 1578 1686 1611 ora-

186 1646 320 1695 tione
347 1650 652 1695 cunctantem
677 1661 810 1707 eum,
848 1646 997 1710 paulo
1023 1645 1228 1695 liberius
1262 1647 1516 1697 monuerit.
1556 1646 1686 1707 Quid

188 1729 312 1794 agis,
326 1729 496 1795 inquit,
511 1731 801 1795 Imperator,
814 1729 1016 1779 hoccine
1030 1734 1108 1779 est
1122 1731 1477 1796 Imperatorem
1498 1747 1649 1795 agere
1663 1729 1687 1777 i>

184 1815 235 1864 in
247 1819 349 1866 tam
362 1814 599 1865 communi
612 1815 822 1865 omnium
837 1814 1138 1877 calamitate,
1159 1815 1210 1864 in
1222 1816 1521 1879 gravissimo
1537 1817 1682 1867 amis-

185 1899 230 1950 si
265 1900 510 1952 exercitus
542 1915 685 1965 casu,
712 1902 761 1951 in
798 1905 900 1951 tam
925 1900 1196 1951 miserabili
1224 1906 1297 1951 tot
1321 1902 1519 1952 fortium
1555 1902 1682 1951 viro-

185 2001 306 2051 rum,
333 1986 417 2052 qui
439 2002 530 2052 pro
555 1991 642 2037 tua
669 1986 829 2051 gloria
842 1985 1037 2036 fortiter
1062 1991 1354 2051 pugnanteS,
1369 1992 1575 2037 mortem
1600 2001 1684 2050 op-

185 2071 444 2135 petierunt,
470 2087 588 2123 nece
602 2088 699 2123 non
713 2070 1055 2122 conmoveris‘?
1076 2089 1139 2122 an
1165 2089 1262 2123 non
1276 2073 1418 2122 audis
1439 2071 1681 2123 Christia-

185 2170 276 2205 nos
300 2155 430 2219 illos,
455 2173 554 2208 non
579 2162 837 2207 contentos
851 2157 948 2206 iam
975 2156 1077 2207 suis
1094 2156 1287 2219 finibuS,
1301 2173 1392 2223 per
1412 2173 1520 2207 eam
1546 2172 1684 2208 exer-

185 2240 312 2292 citus
336 2242 407 2292 tui
433 2242 647 2305 caedem,
673 2242 763 2293 tibi
788 2242 886 2292 iam
910 2242 1009 2308 ipsi
1033 2242 1313 2308 perniciem,
1339 2243 1547 2307 urbique
1572 2242 1687 2292 huic

185 2325 426 2377 excidium
462 2327 775 2377 machinari?
814 2327 904 2376 sed
928 2342 1026 2376 non
1053 2327 1196 2377 audis
1223 2332 1381 2390 certe,
1407 2327 1580 2394 opinor
1607 2343 1685 2376 eo-

182 2427 290 2464 rum
313 2412 504 2464 scilicet
528 2414 700 2478 culpa,
741 2413 824 2478 qui
848 2413 997 2463 rebus
1035 2412 1437 2463 administrandis
1476 2427 1684 2478 praepo-

185 2497 281 2559 siti,
307 2513 433 2562 quae
458 2499 539 2549 vel
562 2498 772 2550 maxime
796 2503 845 2549 te
873 2498 1001 2548 scire
1026 2503 1112 2548 tua
1136 2498 1415 2560 interesset,
1450 2497 1548 2547 tuis
1576 2513 1684 2546 sen-

186 2581 323 2632 sibus
347 2583 665 2647 subtrahunt,
692 2589 776 2635 aut
800 2598 897 2634 non
923 2600 984 2634 ea
1009 2583 1126 2646 fide,
1155 2600 1252 2649 qua
1279 2583 1530 2644 deberent,
1558 2598 1683 2632 com-

185 2665 376 2731 pendii,
416 2674 746 2734 quaestusque
784 2669 860 2719 sui
894 2668 1058 2733 gratia
1095 2668 1327 2719 referunt.
1368 2665 1529 2717 Crede
1568 2666 1686 2714 mihi

185 2750 486 2817 Imperator,
517 2754 672 2804 maior
699 2754 933 2816 omnium,
971 2754 1127 2805 maior
1153 2754 1382 2819 opinione
1406 2758 1492 2801 tua
1518 2750 1684 2800 clades

184 2840 389 2901 accepta
416 2841 515 2898 est,
543 2837 731 2889 deletus
758 2838 1004 2889 exercitus
1027 2839 1112 2888 ille
1139 2844 1268 2899 tuus,
1296 2837 1371 2886 cui
1402 2851 1545 2899 quem
1571 2835 1684 2884 sub-

187 2920 389 2983 stituaS‚
427 2937 598 2985 parem
635 2923 866 2974 fortassis
891 2925 1076 2974 nullum
1114 2923 1285 2973 habes.
1326 2921 1439 2970 Non
1466 2934 1562 2984 ego
1587 2920 1682 2968 hoc

182 3005 384 3071 proprio
424 3005 581 3056 dolori
618 3007 903 3072 indulgenS,
931 3009 994 3059 ob
1022 3009 1255 3058 amissum
1281 3011 1448 3055 tantae
1486 3003 1684 3054 virtutis

1415 3087 1467 3128 2*
