2112 3288
586 195 650 227 DE
676 194 783 227 ΗΕΒ.
810 192 922 225 VNG.
959 191 1067 223 DEO.
1090 192 1139 224 x.
1168 192 1211 223 1,.
1242 192 1323 225 vn.
1543 236 1550 239 ἱ
1617 177 1716 228 137

223 315 497 379 Antequam
521 284 686 368 tamen
712 309 829 359 totis
857 309 1045 357 viribus
1060 308 1479 372 oppugnationem
1506 309 1725 359 institue-

221 405 310 460 ret,
336 398 430 448 hoc
455 399 729 445 commento
759 408 880 444 usus
908 408 1021 442 esse
1073 393 1259 441 fertur:
1296 392 1360 440 ad
1399 391 1728 454 subruendos,

221 481 600 550 quagDanubius
629 478 783 541 alluit,
810 494 991 534 muros,
1032 492 1155 541 quos
1190 476 1445 527 tormentis
1471 481 1641 540 petere
1669 493 1728 526 ea

223 570 452 632 εις-,11111110
478 580 576 621 non
601 568 811 630 poterat,
853 564 1072 613 delectos
1112 579 1174 612 ex
1217 561 1473 611 calonibus
1515 577 1574 611 ac
1611 562 1726 611 lixis

223 650 513 703 audaciores
541 649 730 709 011111118,
769 664 828 698 ac
869 648 1072 713 scaphis
1109 646 1327 712 imponit,
1366 646 1726 695 instrumentis-

219 749 318 800 que
367 734 432 783 ad
469 733 778 783 subruendos
831 747 1013 783 muros,
1066 731 1480 795 excavandosque
1530 730 1723 795 lapides

214 818 409 876 idoneis
433 818 646 869 instruit.
672 819 791 868 Mox
819 822 1021 883 captata
1048 817 1309 867 occasione
1338 815 1537 865 silentio
1564 816 1724 866 noctis

154 898 155 902 ’
212 920 306 955 eos
334 904 486 955 muris
512 904 638 954 citra
663 919 854 953 omnem
881 902 1140 967 strepitum
1167 901 1475 965 adnavigare
1501 901 1649 961 iubet,
1677 895 1725 950 et

174 986 175 989 ’
215 990 427 1055 primum
454 988 647 1053 quidem
678 988 946 1054 scalpellis,
963 987 1290 1051 cultellisque,
1319 986 1383 1036 ad
1402 985 1453 1034 id
1465 986 1562 1035 iam
1578 989 1724 1035 antea

214 1075 388 1136 factis,
427 1074 672 1124 lateritios
699 1089 865 1124 muros
893 1089 1155 1136 excavare,
1184 1073 1368 1122 deinde
1382 1070 1638 1122 excavatis
1655 1070 1725 1119 ita

215 1159 472 1210 moenibus
498 1174 554 1208 80
579 1159 844 1217 insinuare,
897 1174 957 1207 ac
994 1157 1325 1207 torcularibus
1367 1156 1561 1217 ferreis,
1589 1155 1722 1204 aliis—

218 1260 312 1308 que
350 1243 590 1293 machinis
629 1243 949 1294 fundamenta
992 1258 1159 1293 eorum
1213 1243 1454 1292 subruere
1505 1239 1721 1289 mandat.

215 1328 298 1378 Illi
323 1327 537 1378 feliciter
563 1328 797 1377 mandata
836 1328 1045 1385 executi,
1083 1328 1247 1377 factas
1283 1327 1335 1375 in
1373 1325 1526 1387 muris
1554 1340 1721 1374 caver-

214 1428 320 1475 naS,
357 1414 561 1478 pulvere
598 1414 919 1463 tormentario
960 1414 1224 1478 complent,
1275 1417 1324 1461 01
1362 1411 1476 1460 dato
1517 1409 1621 1459 01118
1648 1409 1721 1458 rei

213 1498 360 1562 signo
386 1498 700 1548 succendunt.
730 1497 885 1548 Simul
913 1498 1101 1548 eductis
1129 1514 1156 1547 e
1183 1497 1365 1547 castris
1392 1495 1629 1545 militibus
1649 1494 1721 1543 ita

213 1583 382 1647 copias
409 1580 624 1632 Sinanus
653 1583 840 1644 dividit,
876 1589 930 1633 ut
954 1583 1106 1633 108818
1131 1588 1358 1633 recentes
1386 1596 1582 1646 semper
1608 1580 1720 1629 sub-

210 1667 417 1728 mittere,
469 1672 758 1733 septemque
798 1668 990 1718 vicibus
1028 1684 1126 1718 una
1165 1669 1258 1729 die,
1309 1682 1487 1716 novam
1511 1664 1719 1714 militum

174 1792 178 1796 .
211 1759 406 1802 manum
433 1753 793 1818 oppugnationi
833 1755 1098 1804 admovere
1124 1757 1312 1820 posset.
1349 1752 1541 1813 Quibus
1568 1751 1718 1799 rebus

211 1836 433 1902 omnibus
458 1837 552 1888 rite
579 1838 850 1901 dispositis,
879 1839 994 1889 dato
1009 1855 1207 1904 pugnae
1235 1840 1380 1902 signo
1407 1835 1595 1900 ingenti
1610 1850 1716 1884 cum

211 1921 427 1974 clamore
451 1922 642 1973 irruunt
690 1923 872 1973 milites
898 1924 948 1973 in
974 1925 1201 1986 11111111108,
1231 1928 1280 1973 01
1304 1928 1440 1973 terra
1466 1919 1718 1969 Danubio-

211 2022 305 2070 que
343 2007 531 2072 pariter
570 2008 844 2074 oppidanos
882 2013 1076 2072 urgent.
1130 2009 1248 2057 Mox
1300 2012 1522 2071 tempore
1567 2004 1630 2052 ad
1667 2004 1717 2052 id

210 2091 469 2152 destinato,
518 2093 944 2158 propugnaculum
983 2108 1275 2143 succensum
1303 2089 1635 2155 disrumpitur,
1669 2093 1718 2137 et

128 2182 133 2185 “
209 2175 399 2238 ingenti
425 2176 588 2227 sonitu
613 2178 745 2228 edito
780 2178 1034 2228 disiicitur.
1088 2177 1233 2238 Quod
1271 2176 1365 2226 etsi
1391 2173 1716 2224 vehementis-

210 2260 334 2310 sime
359 2261 549 2311 animos
578 2262 935 2328 oppidanorum
961 2263 1185 2329 perculit,
1212 2276 1525 2326 nequaquam
1550 2263 1715 2308 tamen

209 2345 452 2396 Barbaris
479 2348 750 2397 cedendum
790 2349 900 2408 rati,
939 2349 1110 2398 ruinas
1140 2347 1364 2412 implent,
1407 2349 1457 2394 et
1493 2343 1712 2394 inaudito

212 2445 318 2480 cum
342 2430 509 2482 furore
535 2433 778 2483 irruentes
804 2434 977 2484 hostes
1015 2438 1218 2483 strenue
1252 2431 1511 2497 repellunt.
1565 2427 1717 2478 Aiunt

212 2513 391 2564 multos
417 2530 476 2564 eo
503 2516 582 2566 die
609 2533 668 2566 ex
697 2518 943 2580 barbaris,
981 2518 1173 2567 fascino
1213 2516 1426 2582 quodam
1464 2514 1588 2580 ipsis
1614 2511 1712 2562 usi-

212 2601 316 2647 tato
340 2598 391 2647 in
415 2601 604 2650 rabiem
631 2608 783 2665 actos,
817 2603 977 2653 exutis
1003 2602 1228 2652 omnibus
1241 2601 1482 2660 vestibus,
1497 2600 1711 2648 frameas

212 2685 401 2731 tantum
439 2682 490 2733 in
528 2686 751 2736 manibus
776 2688 1035 2749 habentes,
1071 2686 1228 2737 nudos
1264 2686 1315 2735 in
1352 2681 1517 2733 muros
1556 2681 1713 2747 prosi-

213 2766 380 2828 luisse,
407 2772 545 2819 tanta
570 2787 677 2820 cum
703 2773 923 2834 audacia,
950 2778 1003 2822 111
1022 2778 1227 2824 1110110111
1265 2789 1356 2838 pro
1395 2772 1555 2820 salute
1590 2767 1713 2817 Cae·

215 2851 359 2914 saris,
386 2869 446 2902 ac
469 2858 832 2922 propagatione
858 2859 1066 2925 imperii,
1094 2875 1200 2909 011111
1230 2873 1418 2908 summa
1458 2854 1710 2920 voluptate

213 2941 449 3000 oppetere
463 2939 758 2992 viderentur.
773 2943 903 2994 Nam
919 2959 1024 2993 cum
1040 2943 1295 2994 tormentis
1310 2943 1360 2991 in
1376 2956 1463 2990 eos
1491 2939 1711 3005 explosis

213 3021 389 3087 ingens
417 3023 688 3075 Turcarum
715 3029 967 3079 multitudo
984 3044 1132 3079 caesa
1143 3028 1520 3095 propelleretur,
1538 3025 1706 3075 eodem
