2112 3288
417 190 520 240 232
952 206 1016 240 io.
1043 207 1176 239 Dnon.
1195 207 1390 240 BARovn

416 323 628 372 hostium
678 324 870 372 turbam
909 325 980 374 ita
1022 323 1427 381 fulminaverunt,
1489 327 1541 370 ut
1604 338 1700 371 non
1751 337 1909 386 parva

419 421 505 455 eos
532 411 701 468 strage
727 407 991 457 afficerent.
1031 408 1173 456 Multi
1213 418 1271 455 ex
1301 405 1539 454 Barbaris
1577 421 1746 466 naves,
1785 421 1909 469 quas

419 484 630 552 quinque
657 490 868 540 maiores
893 491 1155 550 habebant,
1195 488 1473 538 traiiciendi
1498 503 1649 537 causa
1676 503 1906 538 conscen-

419 571 607 635 derant,
634 588 835 636 quarum
859 579 962 623 tres
988 574 1255 622 incolumes
1282 586 1502 627 evasere,
1540 571 1664 620 duae
1689 571 1911 635 reliquae

418 654 676 703 tormentis
704 670 971 704 concussae
994 656 1045 704 in
1065 656 1211 703 imum
1231 655 1516 703 submersae
1530 654 1737 703 fuerunt.
1767 652 1908 702 Post-

422 752 629 800 eaquam
655 739 810 787 nostri
834 740 1044 788 transitu
1070 739 1233 802 pontis
1250 738 1518 798 Barbaros,
1547 737 1628 800 qui
1643 737 1714 785 cis
1727 738 1908 786 Istrum

420 826 773 882 remanserant,
801 823 1169 886 prohibuissent
1195 839 1252 870 ac
1279 822 1618 880 concidissent,
1659 821 1784 869 duae
1810 825 1908 869 tur-

420 918 528 951 mae
559 903 775 967 peditum
802 903 1039 968 Stephani
1065 905 1347 954 Moldaviae
1372 904 1585 953 Palatini
1623 905 1673 952 in
1712 908 1908 968 pontem

421 986 647 1035 evadunt.
701 986 811 1046 Qua
849 1003 903 1036 re
940 989 1052 1036 visa
1090 988 1299 1048 Turcae,
1340 989 1419 1051 qui
1458 993 1597 1036 trans
1631 987 1925 1036 Danubium·

423 1073 575 1123 erant,
615 1069 759 1118 veriti
796 1086 857 1118 ne
894 1071 1048 1119 nostri
1086 1070 1367 1130 transirent,
1408 1071 1618 1134 arreptis
1658 1069 1914 1118 confestim

420 1152 675 1201 securibus
711 1157 908 1216 pontem
948 1153 1269 1201 resciderunt.
1319 1154 1534 1202 Maximo
1585 1158 1699 1202 tunc
1737 1151 1912 1200 damno

420 1234 665 1299 Principis
704 1236 874 1299 copiae
913 1235 1042 1284 affici
1081 1236 1372 1299 potuissent,
1411 1237 1461 1284 ni
1487 1237 1597 1285 Deo
1634 1237 1704 1285 ita
1739 1235 1914 1298 guber,-

421 1321 569 1366 nante
608 1316 820 1367 Sinanus
871 1334 1062 1368 omnem
1113 1319 1333 1383 pulveris
1385 1319 1689 1368 tormentarii
1727 1317 1917 1383 copiam

421 1406 560 1450 trans
587 1401 869 1450 Danubium
909 1402 1054 1450 avehi
1093 1407 1330 1451 curasset.
1383 1402 1510 1451 Nam
1549 1417 1655 1451 eam
1696 1399 1915 1466 pulveris

423 1484 534 1544 vim,
574 1499 718 1546 quam
745 1484 816 1533 cis
844 1486 1024 1534 Istrum
1062 1486 1112 1533 in
1141 1485 1298 1534 carris
1323 1485 1616 1549 reliquerat,
1668 1489 1721 1534 ut
1747 1499 1807 1533 ea
1833 1484 1916 1532 ob-

424 1567 553 1615 sessi
577 1571 841 1629 uterentur,
868 1576 1071 1633 propter
1097 1570 1398 1633 inopinatum
1424 1574 1700 1618 nostrorum
1738 1567 1916 1616 adven—

423 1655 522 1698 tum
538 1650 752 1699 Barbari
766 1652 814 1699 in
832 1659 993 1700 arcem
1008 1653 1275 1717 importare
1302 1650 1398 1702 non
1418 1657 1691 1716 potuerunt.
1721 1650 1821 1700 Sed
1845 1653 1916 1698 ta-

424 1748 534 1781 men
560 1747 621 1780 ne
634 1735 816 1783 nostris
833 1735 1025 1798 quidem
1054 1751 1114 1783 ea
1139 1736 1358 1799 pulveris
1387 1736 1528 1799 copia
1552 1734 1640 1784 ulli
1665 1734 1773 1783 usui
1797 1732 1914 1793 fuit3

426 1830 537 1863 nam
566 1830 672 1863 cum
686 1831 783 1864 nox
798 1817 894 1874 iam
909 1817 1193 1878 immineret,
1218 1833 1306 1881 per
1323 1818 1558 1880 quosdam
1573 1817 1654 1880 qui
1666 1817 1793 1865 inter
1813 1831 1917 1864 car-

423 1913 506 1947 ros
521 1898 834 1961 oberrabant,
863 1900 968 1949 sive
982 1916 1043 1949 ex
1058 1901 1350 1963 ignorantia,
1366 1902 1471 1949 sive
1487 1901 1586 1949 alia
1601 1899 1828 1964 quapiam
1841 1914 1917 1947 ra-

430 1981 577 2042 tione,
603 1983 737 2031 nullo
752 1984 946 2046 penitus
974 1984 1147 2033 damno
1165 1985 1386 2048 cuiquam
1398 1984 1552 2044 illato,
1576 1996 1842 2032 succensus
1867 1981 1916 2029 in

425 2065 585 2113 fumos
600 2065 734 2114 abiit.
749 2066 824 2115 Re
837 2067 887 2115 in
900 2068 1027 2116 hunc
1041 2068 1232 2118 modum
1246 2083 1402 2131 usque
1416 2068 1465 2115 in
1479 2081 1739 2131 vesperum
1755 2068 1912 2127 gesta,

429 2148 760 2211 custodiisque
788 2166 932 2213 quam
959 2138 1334 2214 diligentissime
1362 2149 1609 2210 adhibitis,
1637 2148 1807 2213 copiae
1820 2161 1916 2195 om-

426 2245 515 2278 nes
565 2231 901 2294 insequentem
942 2249 1136 2298 quoque
1175 2239 1365 2282 noctem
1398 2235 1666 2282 insomnem
1691 2232 1741 2279 in
1767 2229 1917 2278 armis

427 2313 703 2374 traduxere,
741 2321 942 2378 postero
982 2322 1140 2366 autem
1184 2318 1261 2365 dic
1287 2317 1538 2379 Princeps,
1565 2331 1669 2363 cum
1707 2312 1918 2362 animad-

425 2400 641 2445 verteret
665 2397 858 2446 hostem
883 2414 979 2447 non
1007 2401 1218 2464 amplius
1244 2399 1599 2448 formidandum
1639 2412 1764 2456 esse,
1801 2410 1917 2461 pau-

430 2478 581 2527 lulum
625 2494 686 2527 ex
726 2494 783 2528 eo
822 2480 944 2542 loco,
982 2483 1066 2530 ubi
1093 2472 1337 2531 exercitus
1375 2486 1565 2530 noctem
1589 2485 1918 2544 transegerat,

430 2560 718 2626 procedens,
744 2557 840 2612 non
865 2565 1035 2627 procul
1069 2580 1098 2612 a
1122 2564 1285 2612 littore
1311 2563 1528 2612 Danubii
1555 2566 1720 2610 castra
1744 2562 1919 2626 posuit,

429 2649 477 2692 et
503 2644 714 2694 admotis
739 2646 914 2696 iisdem
938 2648 1208 2708 tormentis,
1237 2647 1413 2711 quibus
1440 2646 1523 2695 Ali
1538 2647 1702 2695 Bassa
1729 2647 1918 2709 Tergo-

428 2727 605 2777 vistiae
644 2734 813 2778 contra
850 2735 1046 2779 nostros
1095 2745 1214 2779 usus
1240 2730 1414 2790 fuerat,
1454 2730 1583 2779 arcis
1611 2727 1929 2794 Gyrgioviae.
1963 2747 1966 2749 ¹

427 2810 617 2859 moenia
642 2811 872 2874 quassari
895 2812 1053 2861 iussit.
1082 2813 1160 2861 Ea
1184 2827 1238 2860 re
1252 2827 1408 2875 usque
1429 2812 1478 2860 in
1493 2817 1777 2875 sequentem
1793 2811 1918 2860 diem

429 2893 724 2954 continuata,
762 2895 1045 2959 ingentique
1082 2910 1328 2963 murorum
1366 2895 1508 2945 ruina
1533 2911 1622 2959 per
1646 2895 1744 2943 vim
1767 2895 1916 2951 facta,

427 2975 715 3038 imperatum
741 2993 771 3026 a
795 2978 1026 3042 Principe
1061 2978 1164 3039 fuit,
1203 2983 1255 3027 ut
1282 2993 1308 3026 e
1335 2977 1544 3040 singulis
1570 2976 1793 3026 tentoriis
1817 2976 1919 3026 bini
