2112 3288
464 168 564 219 188
995 184 1059 217 10.
1088 185 1221 218 Dncn
1245 185 1442 219 BARovu

459 301 549 349 rim
577 300 818 363 quandam
845 299 1151 348 disiecerant.
1184 301 1258 348 Eo
1283 301 1460 350 indicio
1488 306 1537 350 et
1560 302 1732 351 fraude
1758 302 1943 351 Turca-

459 399 563 432 rum
591 383 800 445 cognita,
828 381 1004 430 Petrus
1026 383 1300 430 Barrabasi
1337 383 1518 432 milites
1557 383 1620 432 ad
1658 400 1795 433 arma
1831 399 1942 433 con-

461 467 652 527 clamat,
678 470 726 514 et
749 470 863 529 post
887 464 1173 514 acerrimum
1199 480 1304 514 cum
1328 466 1391 514 iis
1425 466 1711 527 conflictum,
1751 482 1858 516 cum
1895 471 1944 516 et

459 549 567 614 ipse
591 549 860 598 fortissime
884 547 1146 611 pugnando
1172 548 1346 598 vulnus
1371 550 1421 598 in
1434 550 1635 599 brachio
1651 550 1942 614 accepisset,

461 646 546 680 eos
574 646 739 681 omnes
766 631 829 679 ad
853 645 997 679 unum
1022 630 1266 680 vindictae
1292 632 1451 680 studio
1477 632 1734 691 trucidant,
1772 637 1826 681 ut
1861 629 1943 696 qui

461 714 718 764 deditionis
743 714 964 763 inducias
989 713 1274 775 violassent,
1291 715 1466 778 dignas
1492 716 1728 780 perfidiae
1754 730 1942 780 poenas

460 798 664 846 luerent.
714 797 829 845 Mox
881 795 1132 845 moenibus
1182 797 1422 845 assistens
1462 797 1807 857 Barrabasius,
1842 798 1945 846 alta

460 895 581 928 voce
607 879 851 942 Vngaros,
880 879 962 941 qui
988 883 1130 927 extra
1155 879 1411 928 castellum
1439 895 1543 929 cum
1569 881 1697 930 iusto
1737 881 1953 929 Tomos·

460 962 701 1011 variensis
726 962 918 1010 Bassae
944 961 1164 1010 exercitu
1190 961 1523 1023 decertabant,
1550 963 1746 1023 animat,
1773 967 1823 1011 et
1847 977 1946 1011 mo-

466 1046 526 1094 do
551 1044 847 1108 paucitatem
873 1043 1099 1103 hostium,
1127 1043 1269 1092 modo
1294 1044 1461 1106 fugam
1485 1045 1767 1107 ingeminat,
1819 1050 1868 1094 et
1890 1050 1945 1094 ut

461 1128 510 1175 in
535 1126 728 1174 nomine
755 1124 1046 1187 Salvatoris,
1076 1140 1219 1188 quem
1242 1126 1316 1174 illi
1347 1132 1717 1190 persequuntur,
1754 1127 1947 1177 fortiter

463 1213 632 1258 contra
670 1207 941 1258 Christiani
977 1208 1184 1256 nominis
1221 1208 1391 1257 hostes
1431 1209 1670 1271 dimicent,
1707 1210 1947 1258 instanter

462 1307 548 1341 eos
585 1291 821 1339 hortatur.
871 1292 950 1339 Ita
989 1292 1183 1339 'Furcae
1221 1296 1321 1339 tam
1358 1291 1408 1339 in
1447 1307 1561 1340 arce
1598 1291 1662 1340 ad
1698 1296 1946 1341 tercentos

461 1374 655 1423 circiter
694 1373 843 1433 caesi,
884 1387 1028 1436 quam
1067 1378 1209 1421 extra
1247 1388 1410 1422 arcem
1447 1374 1545 1423 fusi
1569 1374 1825 1438 fugatique
1851 1389 1948 1422 non

460 1457 716 1507 admodum
743 1461 992 1505 cruentam
1017 1456 1200 1505 nostris
1215 1457 1471 1506 victoriam
1483 1459 1798 1522 reliquerunt.
1829 1457 1947 1506 Per-

457 1541 620 1590 ierant
646 1540 773 1588 enim
798 1555 859 1589 ex
886 1539 1107 1603 Vngaris
1133 1542 1237 1589 fere
1276 1541 1483 1604 ducenti,
1523 1557 1629 1590 cum
1668 1557 1730 1590 ex
1754 1542 1947 1591 Barba-

459 1624 529 1671 ris
571 1622 715 1685 pauci
754 1622 1009 1671 admodum
1050 1624 1341 1672 evasissent.
1383 1626 1441 1672 In
1476 1624 1540 1671 iis
1588 1628 1636 1672 et
1661 1624 1836 1685 Bassa,
1863 1623 1946 1687 qui

461 1720 567 1753 eum
593 1705 643 1753 in
668 1705 917 1768 proximas
944 1708 1115 1769 sylvas
1143 1705 1343 1770 elapsus
1370 1711 1517 1767 esset,
1533 1723 1564 1755 a
1590 1707 1799 1770 quodam
1823 1707 1949 1756 Tur-

462 1789 564 1837 cico
591 1788 755 1852 pedite
780 1788 877 1836 loci
901 1789 1060 1852 perito
1086 1790 1135 1837 in
1160 1794 1312 1837 tutum
1339 1790 1576 1838 abductus
1601 1790 1705 1850 fuit,
1744 1790 1949 1852 ignarus

459 1871 631 1935 paucis
656 1876 770 1934 post
796 1870 968 1919 diebus
1001 1871 1303 1921 miseriorem
1342 1872 1438 1920 sibi
1474 1886 1580 1919 cum
1619 1876 1724 1920 tota
1760 1870 1949 1919 familia
1999 1865 2002 1866 ⁷

462 1953 653 2001 cladem
679 1952 1032 2015 degustandam
1058 1968 1182 2002 esse.
1205 1952 1353 2017 Capti
1379 1958 1492 2002 sunt
1517 1969 1623 2001 cum
1647 1953 1820 2017 paucis
1847 1953 1948 2016 qui-

458 2035 666 2084 busdam
692 2035 1032 2084 selectioribus
1059 2033 1315 2084 Oziaferus
1341 2036 1509 2098 Begus
1546 2035 1833 2095 Ieneiensis,
1874 2035 1950 2082 vir

460 2121 508 2165 et
549 2121 713 2165 aetate
750 2121 799 2165 et
835 2116 987 2179 longa
1024 2117 1292 2166 vicinitatis
1342 2117 1949 2181 Transylvanicarumque

466 2199 770 2261 legationum
806 2213 898 2247 usu
933 2200 1082 2263 longe
1106 2200 1489 2260 versatissimus,
1518 2200 1598 2262 qui
1623 2200 1772 2248 totius
1804 2199 1947 2247 huius

468 2285 628 2329 motus
677 2281 842 2328 bellici
890 2296 996 2329 cum
1046 2279 1228 2330 Sinano
1280 2296 1430 2329 causa
1480 2285 1722 2344 caputque
1769 2281 1944 2329 fuerat.

470 2360 744 2411 Memhetus
769 2362 883 2410 item
896 2361 1064 2424 Begus
1091 2362 1370 2425 Lippensis,
1396 2363 1586 2410 Bassae
1607 2362 1721 2411 olim
1756 2361 1947 2410 Buden-

472 2444 542 2492 sis
579 2443 724 2502 filius,
771 2447 934 2491 aetate
971 2443 1161 2503 florida,
1211 2458 1415 2507 corpore
1452 2443 1691 2504 obesiore,
1743 2458 1949 2506 quocum

470 2531 645 2589 postea
668 2515 932 2590 praesente
958 2525 1104 2574 etiam
1129 2525 1374 2573 Memheto
1389 2524 1565 2585 Bassa,
1582 2525 1642 2573 de
1667 2525 1813 2574 bellis
1830 2523 1949 2572 Per-

471 2608 603 2669 sicis,
629 2607 949 2670 Turcicisque
973 2607 1208 2667 historiis,
1235 2622 1292 2655 ac
1316 2606 1467 2654 variis
1491 2607 1640 2655 rebus
1675 2622 1766 2656 nos
1804 2607 1948 2656 etiam

469 2690 566 2752 ipsi
591 2684 750 2742 Albae
775 2689 1001 2738 collocuti
1025 2689 1216 2737 fuimus.
1243 2689 1459 2737 Insecuti
1485 2695 1596 2738 sunt
1633 2690 1789 2738 nostri
1824 2690 1948 2752 fugi-

471 2777 606 2829 entes
632 2772 885 2820 Barbaros
912 2771 974 2819 ad
998 2771 1096 2819 tria
1122 2771 1314 2820 circiter
1340 2771 1581 2833 milliaria,
1620 2772 1709 2821 sed
1745 2771 1949 2835 reliquis

470 2854 699 2903 mandato
727 2855 895 2903 ducum
921 2854 1183 2916 regressis,
1209 2869 1305 2901 non
1332 2853 1477 2901 desiit
1512 2854 1744 2917 persequi
1779 2853 1948 2901 hostes

467 2937 731 2986 Ladislaus
757 2937 1062 3003 Pattantyus,
1079 2951 1184 2987 cum
1211 2934 1286 2984 IV
1313 2935 1424 2984 aliis
1450 2936 1720 2993 comitibus,
1736 2935 1817 3000 qui
1843 2949 1948 2983 cum
