2112 3288
599 219 663 250 nn
689 218 798 252 ΗΕΒ.
826 219 937 253 vno.
967 220 1074 253 nnc.
1101 222 1147 254 x.
1175 222 1218 256 L.
1246 224 1291 256 x.
1504 202 1513 206 ’
1595 212 1701 262 261‘

190 339 398 400 qnentes
436 334 690 399 ludificari.
744 334 872 383 Tum
912 350 1032 384 vero
1059 334 1303 401 Princeps
1341 344 1529 388 turmas
1568 344 1699 405 equi-

187 423 289 469 tum
315 416 606 468 cohortatus
633 418 878 467 concitato
906 434 1054 467 cursu
1068 419 1313 470 Tartaros
1335 422 1624 486 insequitur,
1651 432 1701 475 et

184 501 358 568 paucis
383 516 552 552 eorum
579 502 754 562 caesis,
795 500 1017 566 reliquos
1045 502 1381 553 Osanadinum
1408 520 1564 570 usque
1589 524 1700 572 per-

186 586 426 650 sequitur,
455 602 516 635 ac
540 587 672 636 ultra
698 586 972 636 Marusium
986 588 1232 652 propellit.
1261 590 1340 638 Ita
1364 589 1555 651 fugatis
1571 592 1697 641 Tar-

185 670 312 722 taris
362 671 413 720 in
451 675 619 720 castra
658 671 813 730 redit,
855 687 915 720 ac
951 672 1384 737 oppugnationem·
1411 675 1698 725 continuare

184 755 374 806 statuit.
403 755 533 806 Nam
557 755 644 804 ubi
669 755 1004 820 irruptionem,
1042 761 1328 820 tantamque
1367 773 1563 807 suorum
1591 775 1700 809 cae-

185 839 297 889 dem
325 838 457 889 male
485 839 729 889 cecidisse
754 839 891 901 vidit,
933 844 982 889 et
1021 855 1139 890 suos
1166 845 1372 891 conatus
1398 841 1566 891 irrisui
1591 844 1700 892 fore

183 923 450 990 perdoluit,
501 924 737 975 tumulum
775 924 1026 987 ingentem
1066 925 1234 975 faeere
1260 925 1485 988 instituit,
1514 928 1702 976 multis-

185 1023 281 1074 que
305 1008 554 1059 hominum
580 1007 797 1057 millibus
831 1007 896 1057 ad
935 1024 1044 1058 eam
1077 1023 1280 1073 operam
1307 1011 1493 1059 coactis
1519 1012 1570 1059 in
1595 1016 1700 1060 tan-

184 1097 285 1143 tam
322 1092 630 1143 altitudinem
672 1092 975 1143 educendum
1014 1094 1227 1155 curavit,
1272 1099 1324 1143 ut
1361 1095 1510 1145 facile
1537 1112 1599 1145 ex
1626 1111 1699 1157 e0,

186 1177 501 1243 quantumvis
549 1177 723 1227 intima
773 1178 912 1227 urbis
963 1179 1075 1227 loca
1123 1179 1312 1243 proteri
1348 1183 1701 1229 tormentorum

182 1263 364 1313 ictibus
388 1267 608 1328 possent.
637 1262 779 1323 Quae
805 1263 917 1312 dum
943 1263 1365 1324 administrantur,
1393 1279 1508 1313 ecce
1536 1265 1699 1313 subito

185 1362 352 1397 rumor
375 1347 714 1408 increbrescit,
742 1347 1240 1408 HazonumBassam,
1270 1349 1437 1411 magni
1450 1349 1700 1409 Memheti‚

184 1431 339 1481 filium
355 1431 616 1495 Belgrado
656 1432 897 1492 movisse,
937 1436 986 1480 et
1025 1432 1324 1480 continuatis
1364 1431 1470 1481 dies
1509 1438 1701 1481 noctes-

186 1531 282 1580 que
306 1515 572 1566 itineribus
598 1516 826 1579 ingentes
861 1516 1031 1580 copias
1070 1516 1120 1564 in
1159 1515 1431 1565 subsidium
1470 1517 1700 1566 obsesso-

189 1616 296 1651 rum
326 1615 493 1650 secum
505 1601 722 1651 trahere.
778 1601 887 1650 Nec
914 1606 1023 1650 erat
1047 1600 1098 1649 id
1113 1600 1308 1664 quidem
1323 1600 1383 1650 de
1397 1601 1566 1650 nihilo.
1593 1602 1698 1650 Ha·

187 1700 347 1736 zonus
383 1685 513 1735 enim
540 1684 722 1744 Bassa,
752 1686 985 1735 mandato
1013 1684 1268 1745 Caesaris,
1296 1684 1465 1734 audita
1492 1686 1701 1734 Tomos-

193 1770 302 1821 vari
327 1770 599 1832 obsidione,
628 1770 827 1820 circiter
842 1771 946 1820 XX
972 1769 1129 1818 millia
1142 1769 1388 1818 hominum
1405 1785 1466 1817 ex
1482 1770 1701 1818 finitimis

183 1854 450 1921 praesidiis
476 1860 729 1920 coegerat,
770 1860 818 1904 et
851 1854 999 1904 lentis
1027 1853 1288 1903 admodum
1314 1853 1576 1903 itineribus
1603 1853 1700 1902 Τό-

187 1941 420 1990 mosvaro
437 1939 886 2005 appropinquabat,
921 1943 988 1999 ut,
1017 1938 1060 1987 si
1076 1953 1130 1987 se
1145 1937 1342 1986 occasio
1358 1938 1515 1998 daret,
1556 1954 1698 2003 opem

183 2022 530 2074 laborantibus
581 2028 821 2073 maturam
872 2026 1187 2087 apportaret:
1240 2020 1318 2069 sin
1368 2021 1554 2083 minus,
1603 2027 1699 2070 ter⁴

184 2123 300 2157 rore
339 2108 517 2158 saltem
555 2108 632 2157 sui
657 2106 869 2156 nominis
904 2107 968 2156 ab
997 2105 1257 2155 obsidione
1284 2109 1548 2154 averteret.
1600 2104 1700 2154 Sed

185 2208 294 2243 cum
319 2193 454 2242 fama
479 2192 530 2241 in
555 2192 847 2242 immensum
874 2191 1013 2252 haec,
1054 2190 1125 2239 uti
1162 2190 1271 2239 fieri
1310 2190 1451 2250 solet,
1492 2190 1694 2238 extulis-

186 2281 278 2338 set,
308 2281 358 2325 et
382 2276 574 2326 maiora
600 2259 779 2338 omnia,
813 2291 960 2340 quam
987 2278 1170 2334 essent,
1198 2273 1350 2335 vulgo
1380 2272 1700 2322 disseminas-

189 2366 280 2423 set,
317 2376 411 2411 nec
446 2361 553 2412 ulla
579 2376 696 2426 spes
734 2360 1002 2426 potiundae
1040 2360 1179 2409 urbis
1219 2357 1510 2421 affulgeret:
1550 2357 1692 2407 Prin-

185 2460 319 2512 ceps,
358 2461 456 2496 non
482 2446 745 2511 explorata
772 2445 1145 2495 adventantium
1170 2444 1507 2492 Barbarorum
1532 2444 1699 2507 pauciss

184 2536 302 2592 tate,
319 2547 350 2580 a
363 2529 573 2581 consilio
591 2531 975 2595 oppugnationis
992 2530 1245 2595 depulsus,
1264 2543 1416 2577 suasu
1430 2527 1697 2578 Procerum

186 2615 508 2666 differendam
534 2632 644 2666 eam
670 2616 721 2664 in
748 2616 884 2666 aliud
920 2621 1115 2681 tempus
1155 2613 1471 2664 existimavit.
1523 2615 1699 2676 Itaque

185 2700 358 2751 habito
407 2699 675 2765 primorum
726 2701 936 2750 concilio
977 2704 1264 2763 sequentem
1301 2701 1493 2745 noctem
1533 2697 1698 2759 elegit,

188 2800 286 2848 qua
310 2783 665 2849 profectionem
689 2784 981 2834 institueret.
1011 2782 1113 2833 Sed
1138 2799 1200 2831 ne
1227 2798 1287 2830 ea
1311 2771 1540 2828 hostibus
1555 2780 1698 2828 subo-

187 2869 326 2926 leret,
352 2868 491 2917 iubet
516 2872 870 2918 tormentorum
896 2869 1024 2917 ictus
1062 2865 1264 2924 intendi,
1299 2879 1358 2911 ac
1385 2862 1599 2926 speciem
1627 2863 1697 2911 fu-

187 2957 330 3002 turae
355 2952 644 3017 irruptionis
668 2951 850 3015 ubique
865 2952 1111 3016 praeberi.
1142 2951 1259 2997 Mox
1276 2948 1535 3007 ingruente
1558 2951 1697 2994 nocte

189 3035 537 3103 impedimenta
563 3035 740 3099 omnia,
768 3040 916 3101 atque
942 3038 1188 3086 tormenta
1215 3031 1411 3082 silentio
1438 3046 1500 3081 ex
1514 3031 1698 3080 castris
