2112 3288
479 178 581 232 206
1005 199 1070 233 10.
1093 199 1226 233 1111011
1250 200 1445 236 BARovn

480 314 729 373 eruditum,
756 319 803 364 et
827 331 915 380 per
941 330 1047 365 eum
1073 323 1335 381 rogaverat
1358 318 1505 381 illum,
1539 324 1591 369 ut
1628 319 1816 383 aliquas
1853 319 1948 369 sibi

472 399 625 462 primo
640 414 828 464 quoque
842 405 1058 464 tempore
1073 402 1240 466 copias
1255 403 1473 452 subsidio
1492 403 1714 452 mitteret.
1735 403 1800 464 Is,
1821 404 1943 454 sele·

479 483 569 532 ctis
597 498 657 531 ex
684 485 811 532 omni
835 499 1029 534 numero
1057 486 1442 536 millesexcentis
1469 487 1659 537 circiter
1684 487 1944 552 cataphra-

478 568 582 627 ctis,
609 583 694 618 eos
719 583 925 632 propere
951 569 1000 617 in
1015 568 1427 635 Transylvaniam
1451 572 1584 620 misit
1605 570 1810 620 Alberto
1824 570 1940 639 Rajf

476 652 589 701 bich
630 653 840 710 ductore,
867 653 1032 717 plures
1072 670 1162 718 que
1201 645 1451 717 missurus,
1490 656 1532 705 si
1575 672 1691 707 usus
1729 655 1941 721 require-

476 741 563 785 ret.
577 738 690 802 Ipse
705 752 810 786 cum
821 752 917 786 non
925 738 1272 788 contemnenda
1285 755 1427 789 manu
1442 740 1491 789 in
1506 740 1682 790 castris
1701 739 1764 789 ad
1773 738 1939 789 Rako-

477 836 666 870 mazum
692 820 919 883 substitit,
948 827 994 870 et
1009 827 1232 872 eventum
1245 839 1438 887 pugnae
1454 810 1714 873 Sinanicae
1727 828 1945 888 praesto-

475 904 568 953 lari
595 904 775 953 statuit.
809 931 863 937 -—
894 903 1047 968 quue
1075 904 1165 954 hoc
1192 905 1394 956 consilio
1428 908 1554 967 fecit,
1590 913 1643 956 ut
1667 907 1844 972 partim
1882 907 1950 955 in-

480 988 763 1053 gruentibus
791 989 1018 1037 Tartaris
1046 1004 1157 1038 sese
1195 997 1474 1054 opponeret,
1516 992 1596 1055 qui
1633 991 1819 1054 ingenti
1845 1005 1950 1040 cum

479 1071 778 1123 multitudine
804 1071 917 1119 illac
944 1073 1159 1136 erupturi
1201 1074 1495 1135 ferebantur,
1535 1074 1711 1138 partim
1748 1089 1863 1124 vero
1900 1078 1954 1123 ut

478 1155 692 1220 Principi
718 1170 776 1204 ac
802 1155 1172 1219 Transylvanis,
1199 1156 1242 1204 si
1266 1157 1405 1213 forte,
1434 1157 1560 1221 quod
1589 1172 1726 1207 omen
1764 1155 1947 1208 DEVS

478 1245 733 1299 averteret,
772 1238 1046 1295 humanitus
1086 1239 1200 1303 quid
1233 1240 1331 1289 illis
1359 1241 1674 1306 contingeret,
1713 1246 1950 1291 maturam

478 1339 615 1388 opem
642 1324 817 1371 afferre
842 1329 1022 1386 posset.
1074 1322 1339 1387 Postquam
1365 1325 1670 1389 cataphracti
1706 1325 1799 1375 iter
1838 1340 1946 1375 coe·

476 1412 661 1473 perunt,
688 1406 851 1455 missis
879 1406 990 1455 aliis
1018 1421 1165 1470 super
1192 1407 1316 1456 alios
1342 1408 1542 1470 nunciis,
1582 1425 1640 1459 ac
1664 1408 1788 1458 inter
1826 1407 1950 1458 alios

477 1491 743 1540 Francisco
759 1489 914 1552 Teke,
942 1491 1023 1554 qui
1049 1491 1120 1540 eis
1147 1492 1205 1540 de
1221 1508 1274 1541 re
1301 1493 1616 1542 frumentaria
1634 1493 1948 1558 prospiceret,

478 1576 680 1625 subinde
708 1592 736 1623 a
763 1574 987 1638 Principe
1008 1575 1408 1637 sollicitabantur,
1435 1582 1486 1626 ut
1512 1578 1639 1626 omni
1665 1576 1949 1642 posthabita

477 1674 611 1708 mora
637 1659 740 1707 dies
767 1663 911 1721 atque
938 1664 1105 1707 noctes
1143 1660 1235 1708 iter
1272 1661 1614 1721 accelerarent,
1652 1676 1713 1709 ne
1756 1660 1947 1710 occasio

478 1745 601 1792 bene
627 1742 699 1791 rei
724 1745 893 1790 contra
917 1740 1086 1790 hostes
1112 1742 1357 1804 gerendae
1382 1742 1614 1791 tarditate
1633 1758 1795 1792 eorum
1812 1742 1949 1791 efflu-

479 1832 608 1889 eret;
648 1826 736 1875 sed
760 1825 833 1874 illi
859 1825 1003 1874 solito
1041 1840 1173 1874 more
1200 1826 1379 1875 sensim
1418 1826 1805 1890 pedetentimque
1829 1841 1950 1891 prae

479 1911 692 1977 pondere
718 1924 955 1958 armorum
983 1924 1308 1973 equorumque
1345 1910 1574 1958 tarditate
1610 1910 1944 1974 procedentes,

480 1996 561 2044 vix
587 1999 748 2045 tamen
772 1993 822 2041 in
848 1997 1010 2041 castra
1034 1999 1309 2043 nostrorum
1334 2009 1616 2057 pervenere.
1656 1994 1807 2061 Pauci
1844 1992 1945 2056 qui-

481 2081 588 2129 dem
626 2092 838 2138 numer0,
872 2077 959 2126 sed
996 2078 1143 2126 armis
1180 2078 1447 2142 animisque
1486 2078 1686 2141 egregie
1710 2077 1947 2141 instructi,

479 2165 548 2214 uti
585 2165 647 2212 ab
685 2162 957 2211 hominibus
994 2161 1284 2212 militaribus
1322 2163 1639 2212 iudicabatur.
1692 2160 1947 2211 Subsecuti

481 2253 591 2298 sunt
618 2263 702 2297 eos
729 2253 777 2296 et
814 2246 1005 2295 ducenti
1038 2247 1228 2296 circiter
1255 2248 1440 2310 equites
1455 2247 1613 2296 Italici
1627 2244 1948 2308 selectissimi,

480 2332 794 2395 veteranique
821 2346 985 2380 omnes
1009 2331 1113 2380 fere
1138 2331 1422 2393 bellatores,
1460 2346 1580 2394 quos
1609 2328 1947 2379 Ferdinandus

482 2416 690 2479 Magnus
705 2414 966 2463 Hetruriae
980 2414 1109 2476 Dux,
1140 2430 1243 2463 cum
1267 2415 1432 2478 plures
1460 2415 1520 2463 ob
1546 2414 1733 2463 itineris
1759 2412 1946 2476 longin-

482 2501 723 2564 quitatem,
750 2498 1076 2562 temporisque
1102 2498 1391 2546 brevitatem
1416 2498 1606 2547 mittere
1637 2512 1732 2546 non
1768 2495 1947 2561 potuis-

481 2590 568 2651 set,
594 2600 652 2633 80
678 2582 879 2631 consilio
906 2582 967 2630 ad
992 2582 1267 2646 Principem
1292 2581 1491 2632 miserat
1515 2582 1652 2631 Duce
1676 2580 1945 2630 Francisco

483 2667 826 2729 Picolomineo,
851 2671 903 2715 ut
927 2665 1198 2729 legatorum
1232 2666 1389 2727 magis
1427 2671 1608 2730 partes,
1649 2680 1791 2728 quam
1827 2662 1946 2712 mili-

482 2758 578 2802 tem
604 2736 820 2816 agerent.
850 2750 1047 2800 Interim
1074 2750 1230 2798 edicto
1259 2748 1499 2814 Principis
1527 2752 1854 2799 convenerunt
1885 2761 1946 2795 ex

485 2825 704 2887 omnibus
731 2834 1020 2884 Provinciae
1046 2833 1264 2898 partibus
1298 2849 1394 2882 non
1433 2832 1587 2882 solum
1624 2830 1791 2896 copiae
1828 2829 1947 2877 mili-

482 2926 630 2978 tares,
658 2919 746 2967 sed
773 2923 820 2966 et
847 2932 1011 2967 omnes
1038 2917 1118 2980 qui
1143 2917 1409 2965 tractandis
1449 2916 1596 2965 armis
1634 2914 1796 2964 idonei
1831 2912 1947 2961 iudi-

486 3008 718 3053 carentur.
750 3003 805 3050 In
832 3003 922 3050 hoc
949 3007 1107 3050 tamen
1147 3000 1334 3049 delectu
1373 3005 1615 3049 servatum
1643 3003 1717 3047 est
1754 2995 1948 3060 aliquod

2108 506 2109 509 „
2110 494 2112 496 .
2107 461 2112 485 η,
2068 0 2112 441 ,ψη-μςιῃΜίΜ
