2112 3288
874 178 924 223 izs
945 181 1135 224 nunni.
1523 210 1529 213 <
1550 183 1759 227 XXXVII

250 305 579 373 pervenerint.
621 304 806 355 Verum
832 303 1080 352 enimvero
1120 308 1302 367 quanto
1344 320 1531 367 quaeso
1576 298 1753 355 Home-

247 406 352 442 rum
378 390 581 455 Moyses
608 393 657 437 et
691 387 1051 452 Prophetarum
1092 388 1317 452 plerique
1355 387 1504 436 etiam
1531 392 1753 454 tempore

245 472 658 526 antecesserunt?
685 473 752 522 Et
779 481 943 522 tamen
968 473 1139 523 horum
1177 473 1364 538 scripta
1404 473 1568 521 multis
1595 473 1752 538 iisque

248 559 555 626 gravissimis
580 559 860 624 proverbiis
887 559 1078 623 passim.
1118 560 1305 609 referta
1342 573 1455 608 esse
1495 573 1636 607 nemo
1676 575 1757 608 ne-

250 660 371 710 gare
395 649 574 711 potest.

390 729 468 780 De
500 727 764 779 Salomone
804 729 998 793 quidem
1036 729 1322 779 nominatim
1360 730 1587 789 refertur,
1626 730 1755 794 quod

247 814 343 866 tria
367 814 522 864 millia
535 815 887 879 parabolarum
900 814 1059 864 literis
1073 814 1394 865 mandaverit.
1424 815 1490 865 Et
1505 819 1645 865 extat
1670 816 1755 866 ho-

247 899 325 949 die
351 913 543 965 quoque
570 898 695 949 liber
721 899 1103 949 Proverbiorum
1130 899 1409 950 Salomonis
1442 900 1592 964 longe
1635 901 1754 950 divi-

245 983 476 1034 nissimus
503 988 651 1049 atque
677 983 984 1034 utilissimus.
1016 983 1086 1034 Vt
1104 984 1202 1034 iam
1243 985 1303 1034 de
1343 984 1656 1033 sanctissimo
1683 986 1754 1050 ip-

245 1068 350 1119 sius
374 1073 516 1134 patre
542 1068 736 1118 Davide
762 1069 885 1118 nihil
911 1070 1182 1134 loquamur,
1210 1069 1616 1134 quiPsalmorum
1645 1086 1753 1120 suo-

246 1169 351 1204 rum
388 1154 654 1219 plerosque
687 1154 1076 1218 elegantissimis
1116 1155 1311 1220 adagiis
1350 1155 1615 1215 illustrare,
1656 1156 1751 1205 dic-

245 1243 383 1289 tante
409 1237 597 1304 Spiritu
622 1238 819 1300 Sancte,
846 1256 1155 1305 nequaquam
1184 1241 1390 1290 erubuit.
1414 1238 1512 1289 Sed
1526 1240 1642 1305 quid
1657 1256 1751 1304 ego

246 1321 474 1386 navidis,
492 1322 785 1384 SalomoniS‚
814 1325 1118 1389 aliorumque
1147 1325 1504 1390 Prophetarum
1530 1325 1745 1374 authori-

174 1451 177 1454 ,
246 1411 400 1457 tatem
428 1409 594 1466 affere,
638 1424 746 1458 cum
785 1410 933 1459 etiam
959 1410 1068 1475 ipse
1110 1409 1468 1475 Prophetarum
1507 1409 1751 1461 Dominus

246 1491 478 1543 Saluator
502 1498 672 1543 noster
697 1493 1012 1557 peculiariter
1037 1495 1132 1543 hoc
1166 1494 1407 1543 sermonis
1445 1509 1630 1557 genere
1670 1494 1750 1545 de-

243 1578 454 1628 lectatus
478 1577 639 1639 fuerit,
664 1578 891 1642 idemque
918 1577 1162 1643 Apostoli,
1190 1595 1250 1628 ac
1289 1593 1455 1627 eorum
1493 1594 1746 1629 successo-

242 1675 339 1723 res,
365 1659 636 1710 doctissimi
661 1661 842 1727 quique
869 1661 1044 1712 Patres
1074 1663 1123 1712 in
1150 1663 1253 1712 suis
1291 1663 1619 1713 monumentis
1646 1679 1750 1715 sec-

242 1745 333 1797 tati
358 1746 576 1796 fuerint?

383 1829 661 1882 Proverbia
699 1847 822 1881 sane
862 1832 1102 1896 originem
1145 1833 1501 1898 quodammodo
1542 1835 1748 1886 coelitus

241 1912 440 1965 trahere
465 1916 548 1964 vel
573 1932 635 1966 ex
661 1931 720 1966 eo
745 1922 897 1982 patet,
926 1917 1056 1981 quod
1081 1933 1171 1983 pro
1197 1919 1385 1968 foribus
1403 1919 1517 1969 olim
1545 1922 1748 1984 templo-

239 2010 344 2051 rum
368 1999 780 2062 inscribebantur,
818 2002 1117 2066 passimque,
1156 2008 1266 2052 uta
1303 2003 1526 2068 pluribus
1565 2006 1748 2056 edisce-

240 2089 422 2159 rentur,
450 2085 692 2136 columnis
719 2103 778 2136 ac
804 2087 1130 2137 marmoribus
1151 2087 1574 2154 insculpebantur.
1604 2091 1747 2142 Vnde

239 2174 290 2220 et
315 2169 570 2221 Iuvenalis
596 2171 791 2227 ecoelo,
818 2172 987 2237 inquit,
1015 2173 1293 2223 descendit:
1325 2177 1480 2234 Γνώςι
1501 2174 1747 2225 σεαυτὸνε

237 2255 335 2306 1100
372 2261 475 2306 est:
504 2254 744 2307 Nosce'te
768 2257 944 2322 ipsum.

384 2339 527 2402 Quod
553 2341 597 2391 si
623 2341 703 2391 his
728 2359 826 2393 non
852 2343 1081 2404 contenti,
1101 2343 1441 2408 antiquitatem
1457 2351 1606 2411 atque
1622 2362 1747 2397 sum-

239 2439 366 2475 mam
391 2426 766 2490 proverbiorum
794 2427 1086 2490 dignitatem
1111 2429 1318 2479 ulterius
1352 2429 1562 2480 velimus
1603 2446 1744 2494 urge-

239 2524 320 2558 re:
362 2510 587 2574 equidem
623 2528 721 2563 non
761 2512 1024 2563 difficulter
1075 2530 1182 2563 eam
1220 2516 1301 2564 vel
1339 2531 1401 2565 ex
1439 2530 1497 2564 eo
1537 2515 1744 2576 evicero.v

241 2593 372 2657 quod
394 2596 568 2646 summi
594 2597 774 2663 quique
799 2599 893 2648 viri
918 2614 1015 2648 non
1041 2600 1247 2663 indigna
1273 2616 1334 2650 ea
1350 2600 1589 2661 duxerint,
1618 2617 1743 2665 quae

242 2678 586 2731 eruditissimis
622 2682 759 2733 iuxta
809 2688 957 2748 atque
1007 2684 1374 2749 operosissimis
1414 2685 1743 2735 voluminibus

243 2762 306 2811 ad
345 2764 684 2827 posteritatem
734 2774 1086 2833 propagarent.
1139 2768 1393 2834 Siquidem
1444 2769 1742 2818 Aristoteles

242 2845 652 2911 Philesophorum
691 2853 898 2901 omnium
937 2852 1201 2919 Princeps,
1242 2860 1369 2903 teste
1410 2853 1635 2913 Laertio,
1675 2854 1743 2902 in-

240 2935 434 2994 tegrum
462 2929 523 2980 de
549 2930 820 2986 Paroemiis
846 2939 1073 2988 volumen
1110 2945 1224 3005 post
1250 2954 1305 2988 se
1343 2938 1621 3004 relinquere
1646 2953 1742 2993 non
