2112 3288
522 198 586 231 DE
612 197 720 231 RER-
746 195 859 230 νῆα.
887 196 996 230 nnc.
1023 197 1067 231 x.
1095 198 1140 231 L.
1166 199 1268 232 v111.
1500 200 1507 203 “
1570 183 1670 237 189
1692 211 1695 216 ›

168 313 250 363 diu
294 314 438 378 pauci
458 311 720 362 ‘Barbaros
759 312 1038 375 complures
1075 312 1290 361 insecuti
1313 314 1537 374 fuissent,
1563 319 1667 363 tan-

167 396 277 445 dem
314 395 505 445 reversi
542 395 847 458 fugientibus
885 395 1000 444 aliis
1051 401 1393 457 occurrerunt,
1446 402 1495 445 et
1545 396 1667 446 duos

168 494 231 528 ex
249 478 312 527 iis
337 483 510 543 captos
535 478 850 539 reduxerunt,
879 478 1235 543 egregiamque
1265 478 1460 527 laudem
1499 495 1529 527 a
1570 477 1668 529 Gre-

168 561 323 625 orgi0,
348 562 536 626 praeda
561 562 758 626 privati,
784 566 1177 626 reportaverunt.
1204 563 1469 611 Manubiae
1506 567 1672 612 tamen

167 645 388 710 reliquae
431 661 600 695 omnes
638 645 782 694 militi
832 660 1113 694 concessae.
1165 646 1293 709 Begi
1343 646 1437 696 duo
1488 645 1670 695 Albam

167 728 345 778 Iuliam
371 744 478 779 cum
504 729 694 793 aliquot
719 729 879 792 signis
906 728 971 777 ad
996 728 1277 793 Principem
1303 728 1512 778 deducti.
1530 729 1671 779 Post-

169 827 314 877 quam
338 813 389 862 in
415 818 728 878 conspectum
755 812 861 861 eius
886 812 1155 861 honorifice
1181 811 1322 861 allati
1362 818 1488 874 sunt,
1529 812 1671 862 Prin-

169 911 288 962 ceps
315 894 546 947 Cziafero
573 896 814 959 originem
841 911 1140 960 causamque
1176 896 1328 945 totius
1365 895 1511 946 huius
1550 897 1670 946 belli

170 981 455 1045 exprobrat,
506 986 555 1030 et
612 980 777 1030 divino
827 980 1006 1029 iudicio
1058 994 1144 1029 eos
1194 980 1358 1045 puniri
1409 980 1671 1043 significat,

170 1065 365 1128 quando
401 1065 582 1130 partim
620 1065 811 1114 crebris
853 1064 1335 1130 depopulationibus,
1376 1064 1673 1129 violatisque

168 1146 367 1210 finibus,
394 1148 574 1213 partim
613 1148 1024 1198 extraordinariis
1063 1147 1348 1212 postulatis,
1388 1147 1670 1212 legatisque

173 1231 278 1281 suis
306 1233 520 1297 superbe
546 1238 596 1282 et
621 1232 887 1281 crudeliter
912 1232 1113 1293 habitis,
1151 1232 1327 1281 foedus
1365 1232 1465 1297 ipsi
1502 1237 1674 1281 contra

175 1315 252 1364 ius
279 1315 498 1379 gentium
522 1315 811 1365 violassent.
838 1315 920 1364 Illi
947 1330 1054 1364 cum
1079 1315 1251 1380 paucis
1291 1330 1405 1365 sese
1443 1330 1676 1364 excusas-

172 1404 295 1462 sent,
321 1405 372 1449 et
396 1400 611 1449 maxima
636 1416 831 1464 quaque
859 1399 1171 1449 demissionis
1198 1399 1577 1463 significatione,
1603 1401 1676 1448 fa-

172 1498 342 1533 vorem
378 1483 678 1550 Principalis
716 1484 999 1533 Maiestatis
1046 1483 1311 1534 conciliare
1361 1484 1459 1533 sibi
1510 1485 1675 1534 conati

171 1568 396 1629 fuissent,
423 1567 718 1633 Ujvarinum
744 1568 957 1629 adducti,
983 1568 1157 1633 ibique.
1179 1568 1229 1618 in
1257 1583 1509 1618 carcerem
1549 1583 1674 1617 com-

171 1652 306 1715 pacti
330 1652 482 1702 fuere.
519 1651 745 1702 Devictis
782 1651 834 1700 in
870 1650 997 1700 hunc
1034 1650 1230 1700 modum
1256 1651 1517 1711 Barbaris,
1558 1651 1671 1700 dum

171 1735 330 1787 nostri
352 1735 566 1801 Lippam
591 1735 902 1798 contendunt,
929 1734 1140 1797 Turcae,
1169 1735 1252 1799 qui
1271 1735 1506 1799 EperJesi
1520 1740 1675 1795 erant,

172 1824 306 1871 metu
343 1834 531 1881 eorum,
570 1835 697 1884 quae
735 1819 1161 1870 Facziadensibus
1198 1820 1427 1870 evenisse
1476 1817 1677 1869 audive—

173 1910 300 1968 rant,
324 1905 442 1970 igne
466 1905 613 1955 tectis
638 1905 818 1956 iniecto
846 1906 1105 1956 castellum
1129 1905 1448 1967 inflammant,
1483 1905 1678 1970 ipsique

175 2006 239 2040 ex
265 2004 324 2040 eo
349 1990 651 2055 profugiunt.
687 1988 1088 2055 Solymosienses
1115 1990 1263 2040 etiam
1289 1989 1497 2039 eandem
1534 1987 1681 2038 veriti

174 2074 433 2135 fortunam,
460 2074 719 2124 castellum
745 2074 991 2136 deserunt,
1030 2079 1079 2123 et
1117 2090 1216 2138 qua
1254 2073 1427 2139 cuique
1468 2087 1676 2123 commo-

175 2157 430 2209 dissimum
455 2174 514 2209 ac
538 2159 814 2224 proximum
838 2158 943 2222 fuit,
971 2157 1243 2222 diffugiunt.

802 2342 1055 2350 ——--—.-—-

621 2506 857 2562 GAPVT
895 2506 1238 2559 DECIMVM.

346 2630 424 2679 De
450 2640 593 2695 capta
618 2630 795 2695 Lippa,
827 2630 1067 2692 Pankota,
1093 2627 1214 2689 Siri,
1242 2625 1517 2690 Aradoque.

327 2748 578 2814 Georgius
627 2751 847 2815 Borbely
896 2749 1092 2798 interim
1142 2746 1375 2797 mandato
1434 2741 1681 2806 Principis

182 2849 376 2885 cursum
425 2833 662 2883 victoriae
723 2850 787 2883 ex
847 2831 1159 2898 praescripto
1224 2829 1429 2878 militiae
1467 2825 1682 2874 continu-

183 2918 362 2969 andum
434 2923 610 2977 ratus,
684 2916 895 2981 Lippam
970 2916 1127 2975 ducit,
1205 2926 1410 2974 eamque
1486 2907 1682 2972 quantis
