2112 3288
441 167 543 217 228
970 187 1034 220 10.
1063 189 1196 222 naon
1222 189 1418 223 BARovn

443 305 534 358 tes,
561 300 610 348 in
636 300 741 349 eius
755 301 884 350 arcis
900 305 1270 367 oppugnatione
1293 305 1542 368 perierint,
1559 303 1770 355 Barbari
1796 307 1924 356 ineo-

431 383 587 434 lumes
610 383 924 433 dimittantur.
969 386 1028 443 Id
1054 381 1160 435 cum
1182 386 1433 450 Georgius
1460 389 1679 451 graviter
1704 391 1929 439 moleste-

437 481 531 529 que
555 466 722 527 ferret,
749 467 950 528 veritus,
983 484 1045 517 ne
1070 455 1268 532 publica
1299 469 1422 519 fides
1449 485 1613 520 eorum
1651 472 1927 521 temeritate

432 549 714 612 laboraret,
768 551 1005 614 gravibus
1056 567 1141 601 eos
1193 549 1264 617 (ut
1313 553 1418 603 eius
1469 544 1764 605 consuetudo
1814 553 1943 619 fert)

435 633 675 685 conviciis,
695 650 725 682 a
752 639 925 697 coepto
941 634 1191 705 deterrere
1221 642 1424 686 conatus
1439 644 1530 687 est.
1559 639 1642 688 1111
1668 637 1926 688 vehemen-

434 722 509 766 ter
534 715 810 781 Oapitaneo
850 723 898 767 et
923 719 1036 768 aliis
1063 720 1125 768 ob
1153 721 1375 771 convicia
1399 722 1527 782 irati,
1555 739 1615 771 ac
1641 722 1749 772 dira
1776 738 1923 787 quae-

434 815 527 863 que
553 800 792 849 Barbaris
819 802 1042 863 minitati,
1069 803 1340 854 abscedunt
1366 806 1628 855 confestim
1656 822 1717 855 ex
1746 805 1925 855 eastris

434 883 497 932 ad
521 883 652 932 mille
679 884 987 947 quingentos,
1014 886 1234 951 viasque,
1263 888 1437 951 quibus
1451 887 1689 956 Barbaris
1715 889 1810 938 iter
1834 905 1914 939 ne-

429 965 649 1015 cessario
688 967 963 1017 faciendum
1001 975 1122 1029 erat,
1169 970 1437 1020 clanculum
1466 972 1706 1021 obsident.
1758 970 1914 1022 (1001-

427 1038 553 1112 gius,
580 1050 745 1099 missis
770 1050 821 1099 in
846 1067 1009 1101 arcem
1031 1053 1278 1115 militibus,
1307 1055 1389 1117 qui
1413 1061 1585 1119 portas
1615 1062 1924 1120 occuparent,

427 1137 475 1181 et
525 1133 710 1182 vexilla
756 1133 1001 1199 Principis
1051 1138 1267 1186 turribus
1322 1139 1596 1203 ceterisque
1636 1139 1924 1189 editioribus

427 1216 549 1265 locis
590 1217 876 1279 affigerent,
916 1219 1024 1282 ipso
1063 1219 1141 1268 die
1180 1221 1411 1270 sabbathi
1450 1223 1660 1286 spatium
1686 1223 1925 1284 Barbaris
1989 1212 1992 1220 ’

424 1300 773 1364 00110οᾶ11,,(1110
789 1316 870 1350 res
897 1317 1014 1351 suas
1042 1319 1209 1352 omnes
1225 1312 1565 1354 convasarent.
1594 1307 1918 1356 Illucescente

424 1383 576 1445 igitur
603 1383 681 1432 die
709 1384 963 1447 dominicO,
991 1387 1072 1450 qui
1099 1388 1270 1437 XXII.
1299 1388 1408 1437 Oct.
1435 1394 1554 1451 erat,
1582 1394 1631 1439 et
1657 1389 1918 1441 coactisin

427 1482 590 1516 arcem
618 1468 713 1516 LX
740 1468 935 1517 circiter
962 1470 1213 1534 plaustris,
1244 1472 1458 1521 Barbari
1495 1464 1771 1522 res'omnes
1797 1487 1916 1522 suas

423 1550 796 1613 diligentissime
835 1552 1071 1601 collectas
1104 1554 1327 1603 curribus
1354 1555 1618 1619 imponunt,
1645 1560 1694 1604 et
1721 1555 1916 1604 circiter

422 1632 594 1682 boram
620 1636 815 1683 tertiam
842 1636 1241 1699 pomeridianam,
1270 1654 1375 1688 cum
1402 1639 1571 1688 liberis
1600 1655 1658 1688 ac
1683 1639 1919 1696 uxoribus

424 1731 539 1765 arce
554 1716 885 1780 lacrymantes
901 1719 1155 1768 excedunt.
1185 1721 1396 1770 Cautum
1423 1726 1530 1771 erat
1557 1722 1916 1772 conditionibus

420 1799 696 1861 deditionis,
722 1817 783 1850 ne
809 1802 1004 1851 'Furcae
1042 1803 1153 1852 aliis
1169 1804 1404 1854 dedititiis
1432 1811 1761 1867 occurrerent,
1790 1820 1914 1854 neve

419 1884 610 1933 insidiis
637 1900 738 1945 eos,
766 1885 847 1949 qui
858 1886 1110 1936 Barbaros
1140 1888 1202 1936 ad
1216 1904 1395 1953 pagum
1412 1888 1642 1938 Palalese
1658 1888 1909 1937 deducturi

420 1969 595 2030 forent,
623 1968 984 2032 interciperent.
1013 1969 1111 2019 Sed
1139 1971 1274 2020 aiunt
1287 1972 1540 2022 Barbaros
1556 1972 1751 2022 violatis
1773 1971 1909 2020 hisee

418 2052 791 2115 conditionibus,
842 2054 968 2102 elam
1016 2055 1285 2119 populares
1324 2071 1440 2106 suos
1469 2057 1911 2105 Tomosvarienses

419 2139 467 2183 et
493 2134 777 2200 Gryulenses
804 2137 1066 2198 monuisse,
1104 2143 1157 2187 ut
1184 2139 1410 2202 quoniam
1447 2155 1567 2204 prae
1605 2139 1909 2189 multitudine

419 2218 705 2268 obsidentes
745 2221 952 2285 opprimi
993 2236 1089 2270 non
1127 2228 1345 2285 possent,
1384 2239 1445 2272 ex
1469 2223 1663 2272 insidiis
1690 2214 1790 2282 eos,
1828 2222 1909 2285 qui

413 2316 468 2349 se
493 2302 745 2352 deducturi
780 2305 953 2363 forent,
992 2306 1056 2354 ad
1096 2322 1277 2370 pagum
1321 2307 1547 2356 Palelese
1586 2307 1904 2359 adorirentur.

418 2387 477 2436 Id
517 2388 712 2435 Turcae
763 2390 1043 2450 executuri,
1097 2405 1275 2451 magno
1313 2405 1510 2439 numero
1549 2390 1907 2442 Tomosvarum

414 2474 756 2530 convenerant,
784 2474 832 2518 et
857 2485 918 2518 ex
945 2472 1212 2535 composito
1240 2472 1304 2521 ad
1318 2473 1474 2543 vicum
1502 2473 1634 2523 illum
1672 2475 1908 2525 dedititiis
1946 2463 1952 2466 ’

416 2568 674 2603 0001111010
701 2557 985 2602 statuerant.
1025 2554 1242 2602 Innotuit
1280 2569 1339 2602 ea
1374 2555 1513 2603 fraus
1539 2557 1722 2606 nostris
1747 2558 1906 2608 militi-

411 2636 595 2698 bus,'et
608 2650 713 2686 cum
730 2636 1042 2698 Barbarosii,
1071 2637 1152 2700 qui
1180 2637 1500 2700 deducebant,
1527 2639 1923 2705 interrogarent,

412 2736 498 2770 cur
512 2721 699 2770 violata
711 2720 806 2769 fide
833 2735 949 2770 suos
965 2720 1287 2769 excivissent:
1314 2723 1684 2786 responderunt,
1699 2725 1794 2773 sibi
1821 2726 1903 2775 ad-

411 2807 607 2853 ventum
633 2819 828 2854 suorum
853 2804 1161 2870 popularium
1182 2820 1487 2869 nequaquam
1502 2807 1796 2858 constitisse.
1822 2809 1901 2858 Ita

409 2893 670 2952 postquam
696 2905 726 2936 a
764 2875 998 2938 militibus
1037 2888 1244 2949 deducti,
1285 2894 1332 2937 et
1358 2890 1678 2954 nequicquam
1728 2896 1900 2948 contra

408 2970 614 3019 hostiles
639 2971 853 3034 peditum
869 2973 1076 3036 impetus
1089 2970 1276 3019 defensi
1291 2972 1512 3034 fuissent,
1541 2973 1727 3023 duobus
1743 2975 1894 3037 Begis
