2112 3288
608 200 672 232 m:
702 196 810 232 nnn.
839 196 950 230 vna.
980 196 1090 230 nnc,
1120 196 1164 229 x.
1194 197 1236 230 L.
1264 198 1314 230 11.
1503 186 1513 189 ’
1638 184 1704 236 25

221 304 465 378 compesci
490 319 719 381 possent,
760 330 819 363 ea
850 314 1151 378 perpetrari,
1190 315 1352 379 palam
1392 316 1707 366 ostenderunt

220 396 454 449 Caesaris
478 399 746 461 interesse,
784 414 879 449 non
904 398 1083 448 inultas
1112 414 1306 449 suorum
1332 399 1536 449 iniurias
1562 401 1706 450 relin-

219 497 381 546 quere.
408 482 530 534 Cum
555 488 717 534 autem
743 484 905 533 Bassa
930 482 1201 533 Bosnensis
1221 485 1371 533 tantis
1387 484 1580 533 illorum
1607 501 1703 534 ma-

218 567 390 619 leficiis
415 568 649 630 irritatUS,
677 569 772 619 etsi
784 569 1058 619 inconsulto
1085 584 1171 618 eos
1198 567 1418 619 Caesare
1444 584 1706 634 perseque-

143 709 148 713 ,
217 656 377 715 retur,
416 653 491 702 illi
527 654 768 718 fingentes
801 653 972 719 aequis
1012 669 1067 703 se
1106 670 1212 704 eum
1251 670 1308 704 eo
1348 654 1706 705 conditionibus

217 742 567 800 transacturos,
595 754 653 790 eo
680 739 872 789 interim
898 743 1009 788 astu
1028 755 1130 788 rem
1146 739 1462 801 deduxerunt,
1487 745 1540 789 ut
1564 755 1707 790 manu

215 827 416 888 repente
440 823 587 886 faeta,
612 823 734 874 nihil
758 824 859 874 tale
886 824 1164 889 opinantem
1192 824 1341 873 armis
1363 839 1527 873 seeum
1542 824 1705 873 deeer-

214 922 332 968 nere
357 908 620 971 eo'e‘gerint,
645 909 887 974 facileque
900 893 1161 971 incautum,
1188 913 1236 959 et
1260 909 1447 959 viribus
1466 909 1705 974 imparem

214 993 564 1057 oppresserint.
603 994 683 1044 Ita
708 998 871 1044 autem
891 994 954 1043 ab
990 993 1052 1042 iis
1079 993 1399 1058 compositum
1435 994 1615 1055 fuisse,
1653 999 1707 1043 ut

214 1068 394 1133 milites
420 1093 603 1140 omnes,
630 1082 679 1128 et
705 1078 890 1128 auxilia
916 1078 1043 1127 elam
1069 1077 1262 1128 Vienna
1287 1077 1337 1127 in
1352 1076 1568 1143 Styriam
1596 1078 1705 1128 sub-

212 1160 531 1225 mitterentur,
559 1178 684 1227 quae
710 1163 760 1212 in
786 1163 907 1212 loeis
933 1162 1122 1212 idoneis
1148 1163 1418 1223 eolloeata,
1453 1178 1560 1212 eum
1585 1178 1705 1213 usus

211 1250 464 1310 posceret,
504 1246 564 1296 de
598 1246 867 1310 improviso
908 1247 959 1296 in
995 1246 1168 1296 hostes
1206 1247 1474 1311 prodirent.
1517 1245 1617 1296 Sed
1643 1263 1703 1296 ne

214 1333 327 1379 ante
363 1329 674 1394 praefinitum
711 1335 902 1395 tempus
936 1330 1030 1379 hae
1069 1345 1234 1379 eorum
1272 1330 1480 1380 insidiae
1507 1331 1704 1395 detege-

212 1418 394 1475 rentur,
410 1429 596 1463 summa
610 1429 702 1479 ope
715 1415 1054 1479 providebant,
1082 1430 1186 1464 eum
1213 1415 1324 1465 aliis
1349 1417 1512 1478 rebus,
1533 1432 1703 1481 paoem

213 1515 268 1549 se
293 1498 455 1549 eolere
481 1498 769 1558 simulandO,
796 1505 895 1549 tum
920 1500 971 1549 in
990 1500 1160 1565 primis
1185 1516 1275 1565 per
1289 1501 1545 1565 Legatum,
1561 1517 1703 1566 quem

210 1583 262 1633 in
286 1583 401 1633 aula
426 1581 660 1633 Caesaris
687 1585 888 1634 alebant
902 1589 1116 1635 astutum
1128 1585 1383 1647 hominem,
1410 1585 1480 1635 ita
1507 1601 1561 1634 se
1585 1589 1703 1634 tem-

209 1666 412 1734 poribus
439 1667 821 1729 aeeomodandO,
847 1673 900 1718 ut
926 1669 1087 1719 omnia
1112 1669 1310 1734 integra
1335 1670 1430 1719 fide
1457 1684 1609 1734 agere
1634 1669 1703 1718 vi-

210 1751 454 1802 derentur.
490 1752 690 1803 Interea
715 1758 979 1819 appetente
1005 1769 1063 1804 eo
1089 1759 1323 1820 tempore,
1350 1769 1444 1818 quo
1472 1770 1534 1803 ex
1559 1758 1704 1819 paeto

208 1836 440 1888 tributum
465 1838 529 1887 ab
544 1837 617 1887 eis
643 1838 1010 1903 repraesentari
1025 1840 1164 1900 solet,
1192 1840 1342 1888 altum
1358 1838 1536 1903 ubique
1564 1838 1624 1888 de
1646 1853 1703 1888 eo

210 1921 472 1984 silentium,
501 1927 649 1987 atque
675 1922 846 1972 eodem
872 1928 1045 1972 exacto
1061 1939 1253 1988 quoque
1268 1924 1413 1988 plane
1439 1923 1586 1973 nulla
1598 1923 1703 1972 eius

210 2006 416 2069 menti0,
461 2006 558 2056 nisi
583 2006 713 2071 quod
740 2007 1089 2071 quaerentibus
1112 2011 1280 2057 tantae
1313 2023 1480 2057 morae
1507 2023 1705 2058 eausam

209 2089 446 2142 Caesaris
470 2091 713 2141 Ministris
739 2092 1053 2156 responderit
1078 2092 1322 2157 Legatus,
1351 2092 1447 2141 sibi
1474 2108 1581 2141 eam
1607 2107 1703 2142 non

210 2182 464 2240 constare,
497 2193 648 2243 posse
673 2183 836 2227 tamen
863 2193 916 2228 se
943 2183 1076 2228 certo
1103 2178 1376 2240 affirmare,
1417 2179 1557 2227 brevi
1583 2179 1703 2227 alla-

207 2268 306 2314 tum
330 2262 407 2312 iri.
447 2261 637 2323 Quibus
677 2249 899 2314 omnibus
938 2279 1043 2313 eum
1069 2264 1223 2313 verba
1249 2263 1342 2313 sibi
1382 2263 1490 2312 dari
1527 2279 1705 2328 purpu-

208 2347 306 2397 rati
330 2346 569 2409 viderent,
597 2347 715 2397 dant
739 2347 986 2397 hominem
1007 2347 1057 2397 in
1083 2347 1382 2410 custodiam,
1410 2348 1592 2397 additis
1620 2347 1704 2396 mi-

207 2432 299 2492 nis,
324 2431 420 2482 nisi
447 2431 511 2481 ad
542 2432 883 2497 praestitutum
909 2438 1100 2497 tempus
1125 2424 1358 2482 tributuin
1382 2432 1504 2481 illud
1532 2433 1704 2482 affera-

209 2523 313 2578 tur,
351 2533 660 2583 nequaquam
698 2519 749 2567 id
774 2503 881 2568 eum
907 2519 1102 2584 impune
1127 2518 1352 2569 laturum.
1394 2518 1579 2569 Verum
1613 2518 1705 2566 hoe

209 2602 355 2651 etiam
382 2602 629 2653 decretum
654 2619 751 2653 non
778 2604 847 2653 ita
873 2603 1024 2654 multo
1049 2609 1190 2669 post,
1216 2605 1334 2654 moti
1359 2604 1599 2667 religione
1614 2602 1703 2650 Le-

209 2690 459 2751 gatorum,
485 2687 795 2748 rescindunt,
830 2687 1093 2753 iubentque
1120 2704 1228 2739 eum
1255 2706 1285 2739 a
1312 2687 1496 2738 Sinano
1522 2685 1704 2745 vocari,

210 2770 292 2833 qui
316 2769 362 2819 ei
387 2771 633 2834 negotium
662 2772 759 2830 dat,
786 2777 839 2822 ut
865 2773 1034 2822 statim
1062 2773 1232 2823 eodem
1258 2774 1307 2822 in
1333 2775 1465 2827 loeo,
1507 2769 1704 2834 seriptis

211 2853 274 2903 ad
299 2853 487 2917 Regem
514 2869 652 2903 suum
679 2856 858 2918 literis,
887 2858 1140 2920 ostendat,
1171 2873 1263 2921 quo
1290 2858 1339 2905 in
1364 2855 1581 2922 periculo
1606 2855 1706 2902 fue-

207 2937 306 2999 rit„
336 2939 399 2987 ob
437 2936 721 2988 tarditatem
763 2955 954 3004 eorum,
994 2942 1167 3006 quibus
1205 2955 1376 2990 munus
1415 2939 1538 2989 illud
1577 2938 1705 2987 defe-

207 3021 347 3075 rendi
387 3022 449 3071 ad
489 3021 667 3072 Aulam
706 3021 940 3075 Caesaris
984 3026 1154 3076 tributi
1203 3025 1481 3088 delegatum
1513 3024 1704 3074 fuisset.
