2112 3288
390 203 494 256 308
960 222 1023 255 10.
1050 224 1184 259 DEcn
1209 225 1406 260 BARovn

389 351 500 386 esse
527 336 688 398 officii,
733 352 841 385 eam
877 337 1020 386 huius
1058 342 1340 404 provinciae
1378 355 1543 390 curam
1580 340 1779 403 habere,
1817 358 1879 391 ne

389 419 502 483 quid
527 419 631 467 iure
657 419 707 467 in
734 435 793 467 ea
820 419 1094 471 desiderari
1118 426 1291 487 possit.
1318 426 1443 473 Eam
1470 424 1595 472 enim
1612 439 1722 472 esse
1737 422 1878 473 huius

386 502 670 567 provinciae
697 501 998 564 dignitatem,
1028 519 1182 568 eaque
1209 522 1316 555 cum
1343 507 1486 555 laude
1516 520 1714 571 operam
1740 522 1878 558 suam

387 586 519 634 bello
548 584 759 633 Turcico
785 601 1013 644 navasse,
1040 602 1284 652 porroque
1310 596 1602 638 navaturam
1643 604 1781 649 esse,
1825 595 1879 640 ut

384 668 506 717 nulli
543 668 693 717 totius
745 668 880 717 orbis
916 674 1156 719 terrarum
1189 671 1401 735 Regioni
1440 673 1504 721 sit
1544 672 1644 722 ullo
1684 673 1876 722 nomine

386 752 614 800 secunda.
652 751 748 799 His
787 753 913 801 ultro
942 753 1160 816 citroque
1200 754 1381 804 habitis
1422 756 1752 818 sermonibus,
1802 771 1876 805 re-

382 833 581 898 spondit
593 832 790 897 publico
805 834 995 883 nomine
1011 833 1247 885 Ordinum
1273 837 1434 900 Regni
1460 838 1744 887 Demetrius
1773 838 1874 888 Na-

382 917 587 981 pragius
601 917 882 981 Episcopus
904 923 1049 981 atque
1060 917 1397 970 Cancellarius
1413 940 1423 968 ε
1440 936 1616 983 magno
1644 936 1749 969 cum
1775 921 1875 969 ani-

381 1001 447 1048 mi
484 1000 652 1049 dolore
691 992 916 1065 accipere
963 1000 1176 1052 Ordines
1203 1004 1576 1053 valedictionem
1609 1004 1870 1068 Principis,

382 1099 519 1147 quem
536 1084 633 1148 ipsi
647 1089 700 1133 ut
712 1085 862 1133 filium
878 1086 1212 1148 enutriverint,
1227 1092 1375 1151 utque
1391 1081 1592 1152 'patrem
1619 1088 1871 1137 coluerint.
1941 1156 1943 1159 .

380 1166 480 1216 Sed
506 1184 652 1231 quum
677 1183 774 1216 non
802 1169 974 1218 deceat
999 1170 1249 1233 sapientes
1271 1172 1374 1220 eius
1394 1172 1610 1220 rationes
1625 1176 1870 1232 excutere,

378 1266 437 1300 ac
460 1251 693 1314 liquidius
719 1251 979 1314 inquirere,
1021 1267 1076 1300 se
1115 1253 1306 1319 gratias
1344 1254 1390 1302 ei
1427 1270 1518 1318 pro
1544 1259 1752 1318 paterna
1776 1269 1868 1317 gu-

379 1334 666 1384 bernatione
700 1350 866 1397 agere,
905 1335 1194 1399 veniamque
1232 1352 1426 1387 suorum
1465 1343 1736 1387 erratorum
1760 1352 1870 1402 pre·

375 1418 492 1480 cari,
520 1434 579 1468 ac
616 1433 713 1466 non
750 1420 908 1468 solum
945 1425 1234 1484 perpetuam
1272 1421 1376 1470 eius
1415 1423 1697 1471 memoriam
1723 1427 1870 1485 grata

373 1506 533 1550 mente
558 1501 771 1550 retinere
793 1500 936 1563 velle,
964 1503 1052 1551 sed
1077 1504 1237 1552 Deum
1265 1519 1456 1569 quoque
1483 1510 1710 1565 orarc,ut
1729 1504 1868 1554 Prin-

373 1584 497 1648 cipis
536 1589 760 1645 mentem,
799 1585 1005 1634 consilia
1042 1601 1101 1634 ac
1133 1587 1352 1637 actiones
1392 1604 1559 1638 omnes
1599 1589 1864 1638 clementer

371 1672 530 1730 regat,
553 1672 699 1730 atque
714 1668 968 1730 gubernet.
996 1668 1234 1734 Princeps
1251 1670 1477 1720 adhaec:
1503 1671 1770 1733 HactenUS,
1797 1674 1861 1723 in-

371 1751 487 1814 quit,
520 1750 760 1815 Princeps
787 1751 928 1800 vobis
954 1756 1100 1815 atque
1126 1753 1365 1803 Dominus
1393 1753 1752 1806 haereditarius
1780 1773 1861 1806 ex-

367 1834 463 1883 titi:
489 1834 806 1899 imposterum
830 1850 926 1883 non
940 1851 1016 1885 me
1030 1836 1291 1885 Dominum
1311 1853 1369 1886 ac
1393 1838 1563 1887 herum
1587 1839 1744 1901 vobis,
1771 1840 1861 1890 sed

367 1916 656 1966 benevolum
699 1923 847 1981 atque
885 1918 1269 1969 amantissimum
1304 1922 1507 1971 fratrem
1545 1928 1692 1986 atque
1741 1925 1859 1973 ami-

368 2019 475 2053 cum
501 2018 695 2067 semper
721 2007 770 2052 et
793 2003 973 2066 ubique
1010 2004 1116 2053 fore
1153 2004 1398 2068 profiteor.
1449 2004 1504 2055 Si
1542 2007 1656 2070 quid
1693 2013 1770 2057 est
1810 2009 1860 2057 in

368 2102 462 2151 quo
495 2087 638 2135 vobis
675 2086 919 2135 universis
958 2102 1017 2136 ac
1054 2087 1262 2151 singulis
1302 2104 1364 2138 ex
1397 2090 1545 2138 animi
1570 2091 1723 2140 vestri
1749 2106 1857 2141 sen-

367 2171 523 2220 tentia
549 2170 856 2234 gratificatus
883 2186 1005 2232 sum,
1030 2188 1087 2220 ac
1111 2172 1304 2236 publice
1330 2172 1410 2222 vel
1429 2173 1659 2237 privatim
1682 2175 1857 2239 profui,

365 2259 442 2303 est
467 2254 596 2316 quod
622 2258 671 2302 et
696 2269 788 2316 ego
803 2254 920 2301 mihi
935 2255 1153 2317 gratuler
1169 2260 1216 2303 et
1240 2270 1330 2304 vos
1349 2241 1708 2320 illustrigratia
1726 2257 1853 2306 exci-

362 2336 525 2400 piatis.
554 2334 642 2384 Sin
667 2351 786 2384 vero
814 2337 929 2399 quid
943 2338 1251 2387 commissum
1267 2343 1355 2400 est,
1384 2343 1582 2388 vestrae
1601 2344 1677 2387 est
1691 2341 1856 2403 acqui-

361 2418 479 2467 tatis
505 2418 555 2466 id
580 2423 732 2467 totum
756 2419 873 2466 mihi
900 2420 1191 2470 condonare.
1218 2421 1359 2469 Haec
1384 2435 1488 2469 cum
1510 2421 1730 2484 dixisset,
1757 2439 1854 2473 11011

364 2516 508 2550 800118
535 2502 757 2551 omnibus
777 2506 944 2566 ‘atque
982 2501 1143 2552 vivam
1183 2504 1287 2552 eius
1326 2505 1627 2568 sepulturam
1664 2505 1853 2569 ingenti

364 2585 532 2634 dolore
559 2590 706 2649 atque
733 2585 1070 2649 deploratione
1084 2588 1509 2650 prosequentibUS,
1537 2603 1595 2638 ac
1607 2603 1850 2652 nunquam

367 2668 575 2733 amplius
602 2667 766 2725 vivum
792 2685 899 2719 cum
926 2670 1121 2719 visuros
1146 2687 1268 2735 prae
1293 2672 1442 2721 nimia
1466 2672 1712 2722 moestitia
1726 2672 1849 2722 ario-

359 2752 591 2812 lantibus,
617 2751 825 2816 ipsemet
850 2768 1040 2816 quoque
1066 2753 1299 2819 lacrymis
1315 2756 1531 2818 obrutus,
1560 2755 1609 2804 in
1630 2755 1847 2804 intimum

361 2835 594 2885 conclave
621 2850 675 2884 se
702 2837 901 2900 recepit.
