<?xml version="1.0" encoding="UTF-8"?>
<!DOCTYPE html PUBLIC "-//W3C//DTD XHTML 1.0 Transitional//EN"
    "http://www.w3.org/TR/xhtml1/DTD/xhtml1-transitional.dtd">
<html xmlns="http://www.w3.org/1999/xhtml" xml:lang="en" lang="en">
 <head>
  <title>
</title>
<meta http-equiv="Content-Type" content="text/html;charset=utf-8" />
  <meta name='ocr-system' content='tesseract 3.04.00' />
  <meta name='ocr-capabilities' content='ocr_page ocr_carea ocr_par ocr_line ocrx_word'/>
</head>
<body>
  <div class='ocr_page' id='page_1' title='image "./baronyaidecsij00deciuoft_0280.png"; bbox 0 0 2112 3288; ppageno 0'>
   <div class='ocr_carea' id='block_1_1' title="bbox 477 199 1442 257">
    <p class='ocr_par' dir='ltr' id='par_1_1' title="bbox 477 199 1442 257">
     <span class='ocr_line' id='line_1_1' title="bbox 477 199 1442 257; baseline 0.003 -3"><span class='ocrx_word' id='word_1_1' title='bbox 477 199 574 255; x_wconf 82' lang='lat'><strong>196</strong></span> <span class='ocrx_word' id='word_1_2' title='bbox 998 222 1061 255; x_wconf 89' lang='lat'><strong>10.</strong></span> <span class='ocrx_word' id='word_1_3' title='bbox 1090 218 1221 255; x_wconf 79' lang='lat' dir='ltr'><strong>DEcn</strong></span> <span class='ocrx_word' id='word_1_4' title='bbox 1245 218 1442 257; x_wconf 82' lang='lat' dir='ltr'><strong>BAROVII&#39;</strong></span> 
     </span>
    </p>
   </div>
   <div class='ocr_carea' id='block_1_2' title="bbox 398 337 1955 3079">
    <p class='ocr_par' dir='ltr' id='par_1_2' title="bbox 398 337 1955 3079">
     <span class='ocr_line' id='line_1_2' title="bbox 470 337 1932 403; baseline 0.004 -19"><span class='ocrx_word' id='word_1_5' title='bbox 470 337 642 387; x_wconf 88' lang='lat' dir='ltr'><strong>tiorem</strong></span> <span class='ocrx_word' id='word_1_6' title='bbox 656 337 839 387; x_wconf 82' lang='lat' dir='ltr'><strong>fecerat</strong></span> <span class='ocrx_word' id='word_1_7' title='bbox 855 338 913 387; x_wconf 92' lang='lat' dir='ltr'><strong>de</strong></span> <span class='ocrx_word' id='word_1_8' title='bbox 927 338 1090 403; x_wconf 89' lang='lat' dir='ltr'><strong>inopia</strong></span> <span class='ocrx_word' id='word_1_9' title='bbox 1105 344 1412 401; x_wconf 84' lang='lat' dir='ltr'><strong>commeatus,</strong></span> <span class='ocrx_word' id='word_1_10' title='bbox 1443 354 1643 403; x_wconf 92' lang='lat' dir='ltr'><strong>eumque</strong></span> <span class='ocrx_word' id='word_1_11' title='bbox 1657 345 1932 403; x_wconf 78' lang='lat' dir='ltr'><strong>rogaverat,</strong></span> 
     </span>
     <span class='ocr_line' id='line_1_3' title="bbox 469 425 1933 490; baseline 0.003 -19"><span class='ocrx_word' id='word_1_12' title='bbox 469 428 522 471; x_wconf 94' lang='lat' dir='ltr'><strong>ut</strong></span> <span class='ocrx_word' id='word_1_13' title='bbox 549 427 734 472; x_wconf 90' lang='lat' dir='ltr'><strong>mature</strong></span> <span class='ocrx_word' id='word_1_14' title='bbox 759 425 1041 473; x_wconf 88' lang='lat' dir='ltr'><strong>necessaria</strong></span> <span class='ocrx_word' id='word_1_15' title='bbox 1067 425 1410 488; x_wconf 76' lang='lat' dir='ltr'><strong>suppeditaret.</strong></span> <span class='ocrx_word' id='word_1_16' title='bbox 1441 425 1762 474; x_wconf 87' lang='lat' dir='ltr'><strong>Mansfeldius</strong></span> <span class='ocrx_word' id='word_1_17' title='bbox 1786 425 1933 490; x_wconf 84' lang='lat' dir='ltr'><strong>igitur</strong></span> 
     </span>
     <span class='ocr_line' id='line_1_4' title="bbox 469 506 1932 573; baseline 0.003 -19"><span class='ocrx_word' id='word_1_18' title='bbox 469 521 650 555; x_wconf 88' lang='lat' dir='ltr'><strong>summo</strong></span> <span class='ocrx_word' id='word_1_19' title='bbox 678 506 884 556; x_wconf 91' lang='lat' dir='ltr'><strong>diluculo</strong></span> <span class='ocrx_word' id='word_1_20' title='bbox 912 508 1003 557; x_wconf 92' lang='lat' dir='ltr'><strong>duo</strong></span> <span class='ocrx_word' id='word_1_21' title='bbox 1036 508 1221 558; x_wconf 89' lang='lat' dir='ltr'><strong>maiora</strong></span> <span class='ocrx_word' id='word_1_22' title='bbox 1245 513 1484 557; x_wconf 90' lang='lat' dir='ltr'><strong>tormenta</strong></span> <span class='ocrx_word' id='word_1_23' title='bbox 1510 523 1613 556; x_wconf 91' lang='lat' dir='ltr'><strong>cum</strong></span> <span class='ocrx_word' id='word_1_24' title='bbox 1639 512 1827 558; x_wconf 89' lang='lat' dir='ltr'><strong>centum</strong></span> <span class='ocrx_word' id='word_1_25' title='bbox 1850 525 1932 573; x_wconf 92' lang='lat' dir='ltr'><strong>pe-</strong></span> 
     </span>
     <span class='ocr_line' id='line_1_5' title="bbox 468 590 1933 656; baseline 0.002 -18"><span class='ocrx_word' id='word_1_26' title='bbox 468 590 648 655; x_wconf 86' lang='lat' dir='ltr'><strong>ditibus</strong></span> <span class='ocrx_word' id='word_1_27' title='bbox 674 606 730 639; x_wconf 90' lang='lat' dir='ltr'><strong>ac</strong></span> <span class='ocrx_word' id='word_1_28' title='bbox 754 591 938 655; x_wconf 89' lang='lat' dir='ltr'><strong>reliquo</strong></span> <span class='ocrx_word' id='word_1_29' title='bbox 966 596 1231 647; x_wconf 82' lang='lat' dir='ltr'><strong>commeatu</strong></span> <span class='ocrx_word' id='word_1_30' title='bbox 1256 591 1386 641; x_wconf 90' lang='lat' dir='ltr'><strong>misit</strong></span> <span class='ocrx_word' id='word_1_31' title='bbox 1409 592 1484 652; x_wconf 81' lang='lat' dir='ltr'><strong>iis,</strong></span> <span class='ocrx_word' id='word_1_32' title='bbox 1510 592 1590 654; x_wconf 94' lang='lat' dir='ltr'><strong>qui</strong></span> <span class='ocrx_word' id='word_1_33' title='bbox 1616 592 1769 641; x_wconf 89' lang='lat' dir='ltr'><strong>vineis</strong></span> <span class='ocrx_word' id='word_1_34' title='bbox 1794 608 1933 656; x_wconf 88' lang='lat' dir='ltr'><strong>prae-</strong></span> 
     </span>
     <span class='ocr_line' id='line_1_6' title="bbox 466 673 1955 739; baseline 0.003 -18"><span class='ocrx_word' id='word_1_35' title='bbox 466 673 590 722; x_wconf 88' lang='lat' dir='ltr'><strong>sidio</strong></span> <span class='ocrx_word' id='word_1_36' title='bbox 617 673 991 724; x_wconf 87' lang='lat' dir='ltr'><strong>relictifuerant.</strong></span> <span class='ocrx_word' id='word_1_37' title='bbox 1018 675 1095 724; x_wconf 90' lang='lat' dir='ltr'><strong>Ea</strong></span> <span class='ocrx_word' id='word_1_38' title='bbox 1109 674 1217 724; x_wconf 91' lang='lat' dir='ltr'><strong>dum</strong></span> <span class='ocrx_word' id='word_1_39' title='bbox 1231 675 1552 724; x_wconf 88' lang='lat' dir='ltr'><strong>Mansfeldius</strong></span> <span class='ocrx_word' id='word_1_40' title='bbox 1568 691 1671 724; x_wconf 91' lang='lat' dir='ltr'><strong>cum</strong></span> <span class='ocrx_word' id='word_1_41' title='bbox 1684 675 1955 739; x_wconf 83' lang='lat' dir='ltr'><strong>praesidio—</strong></span> 
     </span>
     <span class='ocr_line' id='line_1_7' title="bbox 465 757 1930 823; baseline 0.003 -19"><span class='ocrx_word' id='word_1_42' title='bbox 465 757 641 817; x_wconf 87' lang='lat' dir='ltr'><strong>avehit‚</strong></span> <span class='ocrx_word' id='word_1_43' title='bbox 669 759 930 821; x_wconf 82' lang='lat' dir='ltr'><strong>urbemque</strong></span> <span class='ocrx_word' id='word_1_44' title='bbox 956 759 1156 823; x_wconf 88' lang='lat' dir='ltr'><strong>propius</strong></span> <span class='ocrx_word' id='word_1_45' title='bbox 1185 759 1387 819; x_wconf 87' lang='lat' dir='ltr'><strong>accedit,</strong></span> <span class='ocrx_word' id='word_1_46' title='bbox 1413 759 1466 807; x_wconf 89' lang='lat' dir='ltr'><strong>fit</strong></span> <span class='ocrx_word' id='word_1_47' title='bbox 1492 759 1668 808; x_wconf 80' lang='lat' dir='ltr'><strong>certior</strong></span> <span class='ocrx_word' id='word_1_48' title='bbox 1694 776 1724 808; x_wconf 91' lang='lat' dir='ltr'><strong>a</strong></span> <span class='ocrx_word' id='word_1_49' title='bbox 1761 760 1930 822; x_wconf 85' lang='lat' dir='ltr'><strong>Meng-</strong></span> 
     </span>
     <span class='ocr_line' id='line_1_8' title="bbox 466 840 1931 906; baseline 0.002 -17"><span class='ocrx_word' id='word_1_50' title='bbox 466 840 702 894; x_wconf 78' lang='lat' dir='ltr'><strong>breutero,</strong></span> <span class='ocrx_word' id='word_1_51' title='bbox 721 846 768 889; x_wconf 88' lang='lat' dir='ltr'><strong>et</strong></span> <span class='ocrx_word' id='word_1_52' title='bbox 782 840 892 889; x_wconf 92' lang='lat' dir='ltr'><strong>aliis</strong></span> <span class='ocrx_word' id='word_1_53' title='bbox 907 857 1052 906; x_wconf 90' lang='lat' dir='ltr'><strong>super</strong></span> <span class='ocrx_word' id='word_1_54' title='bbox 1068 843 1191 891; x_wconf 88' lang='lat' dir='ltr'><strong>alios</strong></span> <span class='ocrx_word' id='word_1_55' title='bbox 1206 843 1405 904; x_wconf 87' lang='lat' dir='ltr'><strong>nunciis,</strong></span> <span class='ocrx_word' id='word_1_56' title='bbox 1420 843 1606 891; x_wconf 89' lang='lat' dir='ltr'><strong>Bassas</strong></span> <span class='ocrx_word' id='word_1_57' title='bbox 1623 858 1729 892; x_wconf 93' lang='lat' dir='ltr'><strong>cum</strong></span> <span class='ocrx_word' id='word_1_58' title='bbox 1742 843 1931 892; x_wconf 87' lang='lat' dir='ltr'><strong>univer-</strong></span> 
     </span>
     <span class='ocr_line' id='line_1_9' title="bbox 466 924 1928 992; baseline 0.001 -18"><span class='ocrx_word' id='word_1_59' title='bbox 466 939 521 974; x_wconf 92' lang='lat' dir='ltr'><strong>so</strong></span> <span class='ocrx_word' id='word_1_60' title='bbox 549 924 761 973; x_wconf 84' lang='lat' dir='ltr'><strong>exercitu</strong></span> <span class='ocrx_word' id='word_1_61' title='bbox 789 941 846 973; x_wconf 87' lang='lat' dir='ltr'><strong>ac</strong></span> <span class='ocrx_word' id='word_1_62' title='bbox 872 926 1224 989; x_wconf 80' lang='lat' dir='ltr'><strong>impedimentis</strong></span> <span class='ocrx_word' id='word_1_63' title='bbox 1240 942 1300 975; x_wconf 82' lang='lat' dir='ltr'><strong>ex</strong></span> <span class='ocrx_word' id='word_1_64' title='bbox 1314 928 1470 976; x_wconf 88' lang='lat' dir='ltr'><strong>altera</strong></span> <span class='ocrx_word' id='word_1_65' title='bbox 1483 927 1658 976; x_wconf 90' lang='lat' dir='ltr'><strong>montis</strong></span> <span class='ocrx_word' id='word_1_66' title='bbox 1671 931 1928 992; x_wconf 88' lang='lat' dir='ltr'><strong>partenos-</strong></span> 
     </span>
     <span class='ocr_line' id='line_1_10' title="bbox 466 1007 1928 1075; baseline 0.002 -19"><span class='ocrx_word' id='word_1_67' title='bbox 466 1007 555 1056; x_wconf 86' lang='lat' dir='ltr'><strong>tris</strong></span> <span class='ocrx_word' id='word_1_68' title='bbox 594 1007 998 1071; x_wconf 84' lang='lat' dir='ltr'><strong>appropinquare,</strong></span> <span class='ocrx_word' id='word_1_69' title='bbox 1028 1013 1076 1057; x_wconf 91' lang='lat' dir='ltr'><strong>et</strong></span> <span class='ocrx_word' id='word_1_70' title='bbox 1102 1014 1327 1072; x_wconf 90' lang='lat' dir='ltr'><strong>quantum</strong></span> <span class='ocrx_word' id='word_1_71' title='bbox 1368 1010 1646 1059; x_wconf 89' lang='lat' dir='ltr'><strong>coniectura</strong></span> <span class='ocrx_word' id='word_1_72' title='bbox 1682 1010 1928 1075; x_wconf 88' lang='lat' dir='ltr'><strong>provideri</strong></span> 
     </span>
     <span class='ocr_line' id='line_1_11' title="bbox 462 1090 1925 1155; baseline 0.003 -18"><span class='ocrx_word' id='word_1_73' title='bbox 462 1095 643 1154; x_wconf 89' lang='lat' dir='ltr'><strong>posset,</strong></span> <span class='ocrx_word' id='word_1_74' title='bbox 671 1091 733 1138; x_wconf 90' lang='lat' dir='ltr'><strong>ad</strong></span> <span class='ocrx_word' id='word_1_75' title='bbox 758 1096 962 1139; x_wconf 89' lang='lat' dir='ltr'><strong>montem</strong></span> <span class='ocrx_word' id='word_1_76' title='bbox 989 1090 1154 1141; x_wconf 86' lang='lat' dir='ltr'><strong>Sancti</strong></span> <span class='ocrx_word' id='word_1_77' title='bbox 1170 1090 1375 1155; x_wconf 81' lang='lat' dir='ltr'><strong>Georgii</strong></span> <span class='ocrx_word' id='word_1_78' title='bbox 1403 1108 1459 1142; x_wconf 91' lang='lat' dir='ltr'><strong>eo</strong></span> <span class='ocrx_word' id='word_1_79' title='bbox 1487 1093 1688 1142; x_wconf 88' lang='lat' dir='ltr'><strong>consilio</strong></span> <span class='ocrx_word' id='word_1_80' title='bbox 1714 1093 1925 1154; x_wconf 89' lang='lat' dir='ltr'><strong>tendere,</strong></span> 
     </span>
     <span class='ocr_line' id='line_1_12' title="bbox 462 1168 1928 1239; baseline 0.001 -17"><span class='ocrx_word' id='word_1_81' title='bbox 462 1179 513 1222; x_wconf 91' lang='lat' dir='ltr'><strong>ut</strong></span> <span class='ocrx_word' id='word_1_82' title='bbox 538 1173 650 1222; x_wconf 90' lang='lat' dir='ltr'><strong>inde</strong></span> <span class='ocrx_word' id='word_1_83' title='bbox 680 1174 742 1222; x_wconf 91' lang='lat' dir='ltr'><strong>ad</strong></span> <span class='ocrx_word' id='word_1_84' title='bbox 767 1179 961 1223; x_wconf 89' lang='lat' dir='ltr'><strong>nostros</strong></span> <span class='ocrx_word' id='word_1_85' title='bbox 1003 1168 1187 1224; x_wconf 89' lang='lat' dir='ltr'><strong>summa</strong></span> <span class='ocrx_word' id='word_1_86' title='bbox 1212 1176 1260 1223; x_wconf 89' lang='lat' dir='ltr'><strong>vi</strong></span> <span class='ocrx_word' id='word_1_87' title='bbox 1287 1176 1611 1225; x_wconf 88' lang='lat' dir='ltr'><strong>decurrerent.</strong></span> <span class='ocrx_word' id='word_1_88' title='bbox 1636 1177 1713 1226; x_wconf 88' lang='lat' dir='ltr'><strong>Ea</strong></span> <span class='ocrx_word' id='word_1_89' title='bbox 1737 1192 1790 1226; x_wconf 90' lang='lat' dir='ltr'><strong>re</strong></span> <span class='ocrx_word' id='word_1_90' title='bbox 1816 1191 1928 1239; x_wconf 88' lang='lat' dir='ltr'><strong>cog-</strong></span> 
     </span>
     <span class='ocr_line' id='line_1_13' title="bbox 398 1254 1925 1323; baseline 0.004 -20"><span class='ocrx_word' id='word_1_91' title='bbox 398 1318 401 1320; x_wconf 82' lang='lat'>.</span> <span class='ocrx_word' id='word_1_92' title='bbox 459 1257 562 1304; x_wconf 91' lang='lat' dir='ltr'><strong>nita</strong></span> <span class='ocrx_word' id='word_1_93' title='bbox 600 1254 821 1317; x_wconf 81' lang='lat' dir='ltr'><strong>Carolus,</strong></span> <span class='ocrx_word' id='word_1_94' title='bbox 858 1257 1028 1321; x_wconf 82' lang='lat' dir='ltr'><strong>paucis</strong></span> <span class='ocrx_word' id='word_1_95' title='bbox 1065 1258 1127 1305; x_wconf 89' lang='lat' dir='ltr'><strong>ad</strong></span> <span class='ocrx_word' id='word_1_96' title='bbox 1171 1259 1361 1307; x_wconf 87' lang='lat' dir='ltr'><strong>fortiter</strong></span> <span class='ocrx_word' id='word_1_97' title='bbox 1403 1259 1711 1323; x_wconf 90' lang='lat' dir='ltr'><strong>pugnandum</strong></span> <span class='ocrx_word' id='word_1_98' title='bbox 1750 1259 1925 1309; x_wconf 78' lang='lat' dir='ltr'><strong>milites</strong></span> 
     </span>
     <span class='ocr_line' id='line_1_14' title="bbox 460 1340 1926 1409; baseline 0.003 -19"><span class='ocrx_word' id='word_1_99' title='bbox 460 1340 753 1403; x_wconf 75' lang='lat' dir='ltr'><strong>cohortatus7</strong></span> <span class='ocrx_word' id='word_1_100' title='bbox 780 1342 948 1406; x_wconf 91' lang='lat' dir='ltr'><strong>copias</strong></span> <span class='ocrx_word' id='word_1_101' title='bbox 974 1359 999 1391; x_wconf 92' lang='lat' dir='ltr'><strong>e</strong></span> <span class='ocrx_word' id='word_1_102' title='bbox 1034 1344 1210 1392; x_wconf 86' lang='lat' dir='ltr'><strong>castris</strong></span> <span class='ocrx_word' id='word_1_103' title='bbox 1246 1344 1463 1408; x_wconf 88' lang='lat' dir='ltr'><strong>protinus</strong></span> <span class='ocrx_word' id='word_1_104' title='bbox 1502 1344 1673 1405; x_wconf 80' lang='lat' dir='ltr'><strong>educit,</strong></span> <span class='ocrx_word' id='word_1_105' title='bbox 1712 1349 1760 1393; x_wconf 92' lang='lat' dir='ltr'><strong>et</strong></span> <span class='ocrx_word' id='word_1_106' title='bbox 1796 1345 1926 1409; x_wconf 92' lang='lat' dir='ltr'><strong>equi-</strong></span> 
     </span>
     <span class='ocr_line' id='line_1_15' title="bbox 456 1427 1925 1491; baseline 0.001 -16"><span class='ocrx_word' id='word_1_107' title='bbox 456 1432 555 1475; x_wconf 89' lang='lat' dir='ltr'><strong>tum</strong></span> <span class='ocrx_word' id='word_1_108' title='bbox 579 1427 887 1491; x_wconf 87' lang='lat' dir='ltr'><strong>peditumque</strong></span> <span class='ocrx_word' id='word_1_109' title='bbox 914 1428 1065 1476; x_wconf 92' lang='lat' dir='ltr'><strong>aciem</strong></span> <span class='ocrx_word' id='word_1_110' title='bbox 1100 1443 1282 1477; x_wconf 88' lang='lat' dir='ltr'><strong>summo</strong></span> <span class='ocrx_word' id='word_1_111' title='bbox 1321 1428 1519 1476; x_wconf 90' lang='lat' dir='ltr'><strong>consilio</strong></span> <span class='ocrx_word' id='word_1_112' title='bbox 1555 1428 1762 1490; x_wconf 90' lang='lat' dir='ltr'><strong>instruit,</strong></span> <span class='ocrx_word' id='word_1_113' title='bbox 1800 1444 1925 1478; x_wconf 91' lang='lat' dir='ltr'><strong>eam-</strong></span> 
     </span>
     <span class='ocr_line' id='line_1_16' title="bbox 461 1510 1924 1575; baseline 0.001 -16"><span class='ocrx_word' id='word_1_114' title='bbox 461 1526 552 1573; x_wconf 89' lang='lat' dir='ltr'><strong>que</strong></span> <span class='ocrx_word' id='word_1_115' title='bbox 581 1515 785 1574; x_wconf 90' lang='lat' dir='ltr'><strong>quatuor</strong></span> <span class='ocrx_word' id='word_1_116' title='bbox 811 1510 1077 1560; x_wconf 86' lang='lat' dir='ltr'><strong>maioribus</strong></span> <span class='ocrx_word' id='word_1_117' title='bbox 1103 1512 1421 1575; x_wconf 77' lang='lat' dir='ltr'><strong>pluribusque</strong></span> <span class='ocrx_word' id='word_1_118' title='bbox 1437 1512 1708 1561; x_wconf 87' lang='lat' dir='ltr'><strong>currulibus</strong></span> <span class='ocrx_word' id='word_1_119' title='bbox 1721 1516 1924 1561; x_wconf 79' lang='lat' dir='ltr'><strong>tormen·-</strong></span> 
     </span>
     <span class='ocr_line' id='line_1_17' title="bbox 454 1594 1923 1660; baseline 0.001 -19"><span class='ocrx_word' id='word_1_120' title='bbox 454 1594 518 1641; x_wconf 88' lang='lat' dir='ltr'><strong>tis</strong></span> <span class='ocrx_word' id='word_1_121' title='bbox 544 1594 745 1657; x_wconf 85' lang='lat' dir='ltr'><strong>egregie</strong></span> <span class='ocrx_word' id='word_1_122' title='bbox 772 1595 935 1643; x_wconf 88' lang='lat' dir='ltr'><strong>munit.</strong></span> <span class='ocrx_word' id='word_1_123' title='bbox 964 1595 1149 1654; x_wconf 77' lang='lat' dir='ltr'><strong>Quibus</strong></span> <span class='ocrx_word' id='word_1_124' title='bbox 1177 1596 1397 1645; x_wconf 89' lang='lat' dir='ltr'><strong>omnibus</strong></span> <span class='ocrx_word' id='word_1_125' title='bbox 1423 1596 1515 1644; x_wconf 85' lang='lat' dir='ltr'><strong>rite</strong></span> <span class='ocrx_word' id='word_1_126' title='bbox 1555 1595 1818 1660; x_wconf 72' lang='lat' dir='ltr'><strong>dispositiS‚</strong></span> <span class='ocrx_word' id='word_1_127' title='bbox 1855 1596 1923 1644; x_wconf 91' lang='lat' dir='ltr'><strong>iu-</strong></span> 
     </span>
     <span class='ocr_line' id='line_1_18' title="bbox 455 1677 1923 1741; baseline 0.001 -15"><span class='ocrx_word' id='word_1_128' title='bbox 455 1678 538 1726; x_wconf 91' lang='lat' dir='ltr'><strong>bet</strong></span> <span class='ocrx_word' id='word_1_129' title='bbox 563 1677 818 1726; x_wconf 89' lang='lat' dir='ltr'><strong>universos</strong></span> <span class='ocrx_word' id='word_1_130' title='bbox 845 1694 903 1726; x_wconf 91' lang='lat' dir='ltr'><strong>ac</strong></span> <span class='ocrx_word' id='word_1_131' title='bbox 927 1678 1148 1741; x_wconf 86' lang='lat' dir='ltr'><strong>singulos</strong></span> <span class='ocrx_word' id='word_1_132' title='bbox 1174 1679 1382 1741; x_wconf 86' lang='lat' dir='ltr'><strong>genibus</strong></span> <span class='ocrx_word' id='word_1_133' title='bbox 1408 1679 1565 1740; x_wconf 82' lang='lat' dir='ltr'><strong>flexis,</strong></span> <span class='ocrx_word' id='word_1_134' title='bbox 1607 1679 1834 1728; x_wconf 84' lang='lat' dir='ltr'><strong>ardentes</strong></span> <span class='ocrx_word' id='word_1_135' title='bbox 1861 1677 1923 1728; x_wconf 86' lang='lat' dir='ltr'><strong>ad</strong></span> 
     </span>
     <span class='ocr_line' id='line_1_19' title="bbox 453 1760 1919 1827; baseline 0.002 -18"><span class='ocrx_word' id='word_1_136' title='bbox 453 1761 650 1811; x_wconf 90' lang='lat' dir='ltr'>DEVM</span> <span class='ocrx_word' id='word_1_137' title='bbox 676 1760 1074 1826; x_wconf 85' lang='lat' dir='ltr'><strong>Saluatoremque</strong></span> <span class='ocrx_word' id='word_1_138' title='bbox 1102 1760 1346 1812; x_wconf 78' lang='lat' dir='ltr'><strong>Christum</strong></span> <span class='ocrx_word' id='word_1_139' title='bbox 1383 1779 1472 1827; x_wconf 90' lang='lat' dir='ltr'><strong>pro</strong></span> <span class='ocrx_word' id='word_1_140' title='bbox 1498 1763 1718 1813; x_wconf 89' lang='lat' dir='ltr'><strong>Victoria</strong></span> <span class='ocrx_word' id='word_1_141' title='bbox 1746 1778 1919 1827; x_wconf 85' lang='lat' dir='ltr'><strong>preces</strong></span> 
     </span>
     <span class='ocr_line' id='line_1_20' title="bbox 454 1845 1923 1911; baseline 0.002 -19"><span class='ocrx_word' id='word_1_142' title='bbox 454 1845 670 1894; x_wconf 87' lang='lat' dir='ltr'><strong>fundere.</strong></span> <span class='ocrx_word' id='word_1_143' title='bbox 699 1847 776 1894; x_wconf 91' lang='lat' dir='ltr'><strong>Ita</strong></span> <span class='ocrx_word' id='word_1_144' title='bbox 800 1846 850 1894; x_wconf 91' lang='lat' dir='ltr'><strong>in</strong></span> <span class='ocrx_word' id='word_1_145' title='bbox 874 1847 1064 1896; x_wconf 92' lang='lat' dir='ltr'><strong>nomine</strong></span> <span class='ocrx_word' id='word_1_146' title='bbox 1090 1847 1285 1895; x_wconf 91' lang='lat' dir='ltr'><strong>Domini</strong></span> <span class='ocrx_word' id='word_1_147' title='bbox 1325 1846 1517 1896; x_wconf 87' lang='lat' dir='ltr'><strong>obviam</strong></span> <span class='ocrx_word' id='word_1_148' title='bbox 1554 1846 1777 1896; x_wconf 85' lang='lat' dir='ltr'><strong>hostibus</strong></span> <span class='ocrx_word' id='word_1_149' title='bbox 1812 1862 1923 1911; x_wconf 88' lang='lat' dir='ltr'><strong>pro-</strong></span> 
     </span>
     <span class='ocr_line' id='line_1_21' title="bbox 452 1925 1918 1995; baseline 0.002 -19"><span class='ocrx_word' id='word_1_150' title='bbox 452 1925 659 1986; x_wconf 85' lang='lat' dir='ltr'><strong>cessere,</strong></span> <span class='ocrx_word' id='word_1_151' title='bbox 687 1929 877 1978; x_wconf 88' lang='lat' dir='ltr'><strong>alacres</strong></span> <span class='ocrx_word' id='word_1_152' title='bbox 903 1945 1083 1989; x_wconf 89' lang='lat' dir='ltr'><strong>omnes,</strong></span> <span class='ocrx_word' id='word_1_153' title='bbox 1111 1936 1158 1979; x_wconf 91' lang='lat' dir='ltr'><strong>et</strong></span> <span class='ocrx_word' id='word_1_154' title='bbox 1182 1931 1342 1995; x_wconf 85' lang='lat' dir='ltr'><strong>parati</strong></span> <span class='ocrx_word' id='word_1_155' title='bbox 1381 1944 1548 1979; x_wconf 87' lang='lat' dir='ltr'><strong>manus</strong></span> <span class='ocrx_word' id='word_1_156' title='bbox 1586 1930 1776 1979; x_wconf 89' lang='lat' dir='ltr'><strong>fortiter</strong></span> <span class='ocrx_word' id='word_1_157' title='bbox 1813 1946 1918 1980; x_wconf 91' lang='lat' dir='ltr'><strong>cum</strong></span> 
     </span>
     <span class='ocr_line' id='line_1_22' title="bbox 449 2013 1918 2078; baseline 0.001 -18"><span class='ocrx_word' id='word_1_158' title='bbox 449 2013 676 2061; x_wconf 87' lang='lat' dir='ltr'><strong>barbaris</strong></span> <span class='ocrx_word' id='word_1_159' title='bbox 704 2028 975 2062; x_wconf 90' lang='lat' dir='ltr'><strong>conserere.</strong></span> <span class='ocrx_word' id='word_1_160' title='bbox 1007 2015 1200 2063; x_wconf 87' lang='lat' dir='ltr'><strong>Turcae</strong></span> <span class='ocrx_word' id='word_1_161' title='bbox 1227 2014 1372 2063; x_wconf 92' lang='lat' dir='ltr'><strong>simili</strong></span> <span class='ocrx_word' id='word_1_162' title='bbox 1399 2019 1503 2062; x_wconf 91' lang='lat' dir='ltr'><strong>arte</strong></span> <span class='ocrx_word' id='word_1_163' title='bbox 1531 2013 1683 2077; x_wconf 89' lang='lat' dir='ltr'><strong>copiis</strong></span> <span class='ocrx_word' id='word_1_164' title='bbox 1715 2013 1918 2078; x_wconf 90' lang='lat' dir='ltr'><strong>disposi-</strong></span> 
     </span>
     <span class='ocr_line' id='line_1_23' title="bbox 446 2096 1919 2161; baseline 0.001 -17"><span class='ocrx_word' id='word_1_165' title='bbox 446 2096 525 2156; x_wconf 82' lang='lat' dir='ltr'><strong>tis,</strong></span> <span class='ocrx_word' id='word_1_166' title='bbox 555 2096 764 2160; x_wconf 88' lang='lat' dir='ltr'><strong>datoque</strong></span> <span class='ocrx_word' id='word_1_167' title='bbox 788 2113 979 2161; x_wconf 89' lang='lat' dir='ltr'><strong>pugnae</strong></span> <span class='ocrx_word' id='word_1_168' title='bbox 1006 2098 1161 2161; x_wconf 87' lang='lat' dir='ltr'><strong>signo,</strong></span> <span class='ocrx_word' id='word_1_169' title='bbox 1190 2098 1360 2160; x_wconf 89' lang='lat' dir='ltr'><strong>viginti</strong></span> <span class='ocrx_word' id='word_1_170' title='bbox 1387 2102 1627 2146; x_wconf 86' lang='lat' dir='ltr'><strong>tormenta</strong></span> <span class='ocrx_word' id='word_1_171' title='bbox 1651 2097 1700 2145; x_wconf 92' lang='lat' dir='ltr'><strong>in</strong></span> <span class='ocrx_word' id='word_1_172' title='bbox 1724 2101 1919 2146; x_wconf 89' lang='lat' dir='ltr'><strong>nostros</strong></span> 
     </span>
     <span class='ocr_line' id='line_1_24' title="bbox 450 2179 1916 2244; baseline 0.001 -17"><span class='ocrx_word' id='word_1_173' title='bbox 450 2179 706 2227; x_wconf 89' lang='lat' dir='ltr'><strong>confestim</strong></span> <span class='ocrx_word' id='word_1_174' title='bbox 733 2180 1004 2244; x_wconf 85' lang='lat' dir='ltr'><strong>explosere.</strong></span> <span class='ocrx_word' id='word_1_175' title='bbox 1047 2179 1143 2230; x_wconf 85' lang='lat' dir='ltr'><strong>Sed</strong></span> <span class='ocrx_word' id='word_1_176' title='bbox 1181 2181 1318 2230; x_wconf 88' lang='lat' dir='ltr'><strong>irrito</strong></span> <span class='ocrx_word' id='word_1_177' title='bbox 1359 2186 1547 2230; x_wconf 89' lang='lat' dir='ltr'><strong>eventu.</strong></span> <span class='ocrx_word' id='word_1_178' title='bbox 1587 2181 1741 2230; x_wconf 90' lang='lat' dir='ltr'><strong>Nemo</strong></span> <span class='ocrx_word' id='word_1_179' title='bbox 1792 2180 1916 2229; x_wconf 89' lang='lat' dir='ltr'><strong>enim</strong></span> 
     </span>
     <span class='ocr_line' id='line_1_25' title="bbox 446 2262 1910 2324; baseline 0.001 -15"><span class='ocrx_word' id='word_1_180' title='bbox 446 2262 540 2310; x_wconf 90' lang='lat' dir='ltr'><strong>Dei</strong></span> <span class='ocrx_word' id='word_1_181' title='bbox 565 2263 798 2311; x_wconf 90' lang='lat' dir='ltr'><strong>beneficio</strong></span> <span class='ocrx_word' id='word_1_182' title='bbox 825 2279 886 2311; x_wconf 79' lang='lat' dir='ltr'><strong>ex</strong></span> <span class='ocrx_word' id='word_1_183' title='bbox 910 2264 1091 2313; x_wconf 88' lang='lat' dir='ltr'><strong>nostris</strong></span> <span class='ocrx_word' id='word_1_184' title='bbox 1117 2264 1213 2313; x_wconf 90' lang='lat' dir='ltr'><strong>ictu</strong></span> <span class='ocrx_word' id='word_1_185' title='bbox 1241 2279 1403 2312; x_wconf 85' lang='lat' dir='ltr'><strong>eorum</strong></span> <span class='ocrx_word' id='word_1_186' title='bbox 1428 2265 1592 2311; x_wconf 86' lang='lat' dir='ltr'><strong>laesus</strong></span> <span class='ocrx_word' id='word_1_187' title='bbox 1616 2263 1717 2324; x_wconf 87' lang='lat' dir='ltr'><strong>fuit,</strong></span> <span class='ocrx_word' id='word_1_188' title='bbox 1738 2263 1910 2311; x_wconf 88' lang='lat' dir='ltr'><strong>nedum</strong></span> 
     </span>
     <span class='ocr_line' id='line_1_26' title="bbox 444 2345 1910 2409; baseline 0.001 -17"><span class='ocrx_word' id='word_1_189' title='bbox 444 2345 740 2408; x_wconf 89' lang='lat' dir='ltr'><strong>absumptus.</strong></span> <span class='ocrx_word' id='word_1_190' title='bbox 792 2345 953 2404; x_wconf 80' lang='lat' dir='ltr'><strong>Quare</strong></span> <span class='ocrx_word' id='word_1_191' title='bbox 998 2346 1261 2395; x_wconf 88' lang='lat' dir='ltr'><strong>alacriores</strong></span> <span class='ocrx_word' id='word_1_192' title='bbox 1310 2346 1465 2395; x_wconf 89' lang='lat' dir='ltr'><strong>nostri</strong></span> <span class='ocrx_word' id='word_1_193' title='bbox 1515 2345 1631 2394; x_wconf 89' lang='lat' dir='ltr'><strong>facti</strong></span> <span class='ocrx_word' id='word_1_194' title='bbox 1676 2345 1910 2409; x_wconf 89' lang='lat' dir='ltr'><strong>promotis</strong></span> 
     </span>
     <span class='ocr_line' id='line_1_27' title="bbox 442 2427 1910 2494; baseline 0.001 -18"><span class='ocrx_word' id='word_1_195' title='bbox 442 2428 640 2476; x_wconf 89' lang='lat' dir='ltr'><strong>aciebus</strong></span> <span class='ocrx_word' id='word_1_196' title='bbox 665 2442 758 2478; x_wconf 90' lang='lat' dir='ltr'><strong>uno</strong></span> <span class='ocrx_word' id='word_1_197' title='bbox 787 2445 951 2478; x_wconf 88' lang='lat' dir='ltr'><strong>omnes</strong></span> <span class='ocrx_word' id='word_1_198' title='bbox 971 2431 1162 2494; x_wconf 84' lang='lat' dir='ltr'><strong>impetu,</strong></span> <span class='ocrx_word' id='word_1_199' title='bbox 1189 2430 1447 2478; x_wconf 88' lang='lat' dir='ltr'><strong>inclamato</strong></span> <span class='ocrx_word' id='word_1_200' title='bbox 1463 2428 1737 2478; x_wconf 85' lang='lat' dir='ltr'><strong>Saluatoris</strong></span> <span class='ocrx_word' id='word_1_201' title='bbox 1753 2427 1910 2478; x_wconf 87' lang='lat' dir='ltr'>IESV</span> 
     </span>
     <span class='ocr_line' id='line_1_28' title="bbox 441 2511 1909 2573; baseline 0.003 -14"><span class='ocrx_word' id='word_1_202' title='bbox 441 2511 644 2573; x_wconf 88' lang='lat' dir='ltr'><strong>nomine,</strong></span> <span class='ocrx_word' id='word_1_203' title='bbox 682 2513 731 2560; x_wconf 91' lang='lat' dir='ltr'><strong>in</strong></span> <span class='ocrx_word' id='word_1_204' title='bbox 769 2512 934 2563; x_wconf 88' lang='lat' dir='ltr'><strong>hostes</strong></span> <span class='ocrx_word' id='word_1_205' title='bbox 979 2514 1231 2563; x_wconf 88' lang='lat' dir='ltr'><strong>irruerunt.</strong></span> <span class='ocrx_word' id='word_1_206' title='bbox 1271 2514 1397 2562; x_wconf 92' lang='lat' dir='ltr'><strong>Mira</strong></span> <span class='ocrx_word' id='word_1_207' title='bbox 1425 2517 1565 2562; x_wconf 80' lang='lat' dir='ltr'><strong>certe</strong></span> <span class='ocrx_word' id='word_1_208' title='bbox 1605 2528 1685 2562; x_wconf 89' lang='lat' dir='ltr'><strong>res</strong></span> <span class='ocrx_word' id='word_1_209' title='bbox 1722 2514 1823 2571; x_wconf 84' lang='lat' dir='ltr'><strong>fuit,</strong></span> <span class='ocrx_word' id='word_1_210' title='bbox 1861 2518 1909 2563; x_wconf 89' lang='lat' dir='ltr'><strong>et</strong></span> 
     </span>
     <span class='ocr_line' id='line_1_29' title="bbox 442 2595 1909 2660; baseline 0.003 -18"><span class='ocrx_word' id='word_1_211' title='bbox 442 2595 653 2649; x_wconf 79' lang='lat' dir='ltr'><strong>Divinae</strong></span> <span class='ocrx_word' id='word_1_212' title='bbox 678 2595 1011 2660; x_wconf 88' lang='lat' dir='ltr'><strong>providentiae</strong></span> <span class='ocrx_word' id='word_1_213' title='bbox 1040 2597 1374 2658; x_wconf 79' lang='lat' dir='ltr'><strong>adscribenda,</strong></span> <span class='ocrx_word' id='word_1_214' title='bbox 1403 2597 1529 2660; x_wconf 92' lang='lat' dir='ltr'><strong>quod</strong></span> <span class='ocrx_word' id='word_1_215' title='bbox 1559 2597 1768 2646; x_wconf 88' lang='lat' dir='ltr'><strong>Barbari</strong></span> <span class='ocrx_word' id='word_1_216' title='bbox 1805 2597 1909 2646; x_wconf 89' lang='lat' dir='ltr'><strong>sine</strong></span> 
     </span>
     <span class='ocr_line' id='line_1_30' title="bbox 441 2678 1908 2744; baseline 0.001 -17"><span class='ocrx_word' id='word_1_217' title='bbox 441 2678 541 2727; x_wconf 89' lang='lat' dir='ltr'><strong>ulla</strong></span> <span class='ocrx_word' id='word_1_218' title='bbox 566 2693 701 2741; x_wconf 81' lang='lat' dir='ltr'><strong>mora</strong></span> <span class='ocrx_word' id='word_1_219' title='bbox 725 2684 955 2743; x_wconf 90' lang='lat' dir='ltr'><strong>tanquam</strong></span> <span class='ocrx_word' id='word_1_220' title='bbox 989 2695 1049 2728; x_wconf 83' lang='lat' dir='ltr'><strong>ex</strong></span> <span class='ocrx_word' id='word_1_221' title='bbox 1087 2680 1348 2744; x_wconf 89' lang='lat' dir='ltr'><strong>composito</strong></span> <span class='ocrx_word' id='word_1_222' title='bbox 1374 2680 1422 2728; x_wconf 92' lang='lat' dir='ltr'><strong>in</strong></span> <span class='ocrx_word' id='word_1_223' title='bbox 1459 2680 1624 2741; x_wconf 84' lang='lat' dir='ltr'><strong>fugam</strong></span> <span class='ocrx_word' id='word_1_224' title='bbox 1662 2695 1715 2729; x_wconf 89' lang='lat' dir='ltr'><strong>se</strong></span> <span class='ocrx_word' id='word_1_225' title='bbox 1753 2679 1908 2730; x_wconf 87' lang='lat' dir='ltr'><strong>conie-</strong></span> 
     </span>
     <span class='ocr_line' id='line_1_31' title="bbox 441 2762 1907 2827; baseline 0.003 -18"><span class='ocrx_word' id='word_1_226' title='bbox 441 2762 619 2827; x_wconf 74' lang='lat' dir='ltr'><strong>cerim,</strong></span> <span class='ocrx_word' id='word_1_227' title='bbox 673 2763 978 2826; x_wconf 88' lang='lat' dir='ltr'><strong>confusisque</strong></span> <span class='ocrx_word' id='word_1_228' title='bbox 1012 2764 1272 2825; x_wconf 82' lang='lat' dir='ltr'><strong>ordinibus,</strong></span> <span class='ocrx_word' id='word_1_229' title='bbox 1311 2781 1369 2813; x_wconf 92' lang='lat' dir='ltr'><strong>ac</strong></span> <span class='ocrx_word' id='word_1_230' title='bbox 1407 2765 1616 2813; x_wconf 89' lang='lat' dir='ltr'><strong>desertis</strong></span> <span class='ocrx_word' id='word_1_231' title='bbox 1654 2765 1907 2814; x_wconf 90' lang='lat' dir='ltr'><strong>tormentis</strong></span> 
     </span>
     <span class='ocr_line' id='line_1_32' title="bbox 439 2845 1907 2914; baseline 0.003 -22"><span class='ocrx_word' id='word_1_232' title='bbox 439 2845 892 2909; x_wconf 88' lang='lat' dir='ltr'><strong>impedimentisque</strong></span> <span class='ocrx_word' id='word_1_233' title='bbox 950 2847 1123 2895; x_wconf 90' lang='lat' dir='ltr'><strong>ceteris</strong></span> <span class='ocrx_word' id='word_1_234' title='bbox 1183 2848 1439 2911; x_wconf 88' lang='lat' dir='ltr'><strong>praecipiti</strong></span> <span class='ocrx_word' id='word_1_235' title='bbox 1518 2849 1638 2911; x_wconf 89' lang='lat' dir='ltr'><strong>fuga</strong></span> <span class='ocrx_word' id='word_1_236' title='bbox 1685 2849 1907 2914; x_wconf 83' lang='lat' dir='ltr'><strong>proxima</strong></span> 
     </span>
     <span class='ocr_line' id='line_1_33' title="bbox 436 2928 1904 2994; baseline 0.003 -19"><span class='ocrx_word' id='word_1_237' title='bbox 436 2928 600 2977; x_wconf 88' lang='lat' dir='ltr'><strong>vineta</strong></span> <span class='ocrx_word' id='word_1_238' title='bbox 624 2930 865 2993; x_wconf 89' lang='lat' dir='ltr'><strong>petierint.</strong></span> <span class='ocrx_word' id='word_1_239' title='bbox 895 2928 1099 2979; x_wconf 80' lang='lat' dir='ltr'><strong>Carolus</strong></span> <span class='ocrx_word' id='word_1_240' title='bbox 1125 2931 1232 2979; x_wconf 88' lang='lat' dir='ltr'><strong>visa</strong></span> <span class='ocrx_word' id='word_1_241' title='bbox 1258 2931 1465 2979; x_wconf 87' lang='lat' dir='ltr'><strong>hostium</strong></span> <span class='ocrx_word' id='word_1_242' title='bbox 1491 2932 1623 2994; x_wconf 84' lang='lat' dir='ltr'><strong>fuga,</strong></span> <span class='ocrx_word' id='word_1_243' title='bbox 1651 2931 1780 2981; x_wconf 91' lang='lat' dir='ltr'><strong>misit</strong></span> <span class='ocrx_word' id='word_1_244' title='bbox 1797 2947 1904 2981; x_wconf 91' lang='lat' dir='ltr'><strong>con-</strong></span> 
     </span>
     <span class='ocr_line' id='line_1_34' title="bbox 434 3012 1900 3079; baseline 0.004 -21"><span class='ocrx_word' id='word_1_245' title='bbox 434 3012 592 3059; x_wconf 85' lang='lat' dir='ltr'><strong>festim</strong></span> <span class='ocrx_word' id='word_1_246' title='bbox 621 3013 829 3076; x_wconf 89' lang='lat' dir='ltr'><strong>aliquem</strong></span> <span class='ocrx_word' id='word_1_247' title='bbox 856 3029 1098 3063; x_wconf 88' lang='lat' dir='ltr'><strong>numerum</strong></span> <span class='ocrx_word' id='word_1_248' title='bbox 1127 3015 1433 3076; x_wconf 87' lang='lat' dir='ltr'><strong>Vngarorum</strong></span> <span class='ocrx_word' id='word_1_249' title='bbox 1462 3014 1691 3077; x_wconf 83' lang='lat' dir='ltr'><strong>equitum,</strong></span> <span class='ocrx_word' id='word_1_250' title='bbox 1727 3015 1807 3079; x_wconf 91' lang='lat' dir='ltr'><strong>qui</strong></span> <span class='ocrx_word' id='word_1_251' title='bbox 1830 3015 1900 3064; x_wconf 40' lang='lat' dir='ltr'><strong>fu⁹</strong></span> 
     </span>
    </p>
   </div>
  </div>
 </body>
</html>
