2112 3288
597 225 661 257 DE
686 225 793 258 ΗΕΒ.
820 225 932 258 vNe.
965 225 1074 259 nne.
1102 227 1144 256 x.
1172 228 1216 259 L.
1242 229 1290 261 x.
1510 204 1518 208 ’
1596 213 1707 263 255

199 343 405 404 bilitata
432 359 493 403 ac
517 346 654 392 certa
679 342 971 390 rusticorum
999 346 1141 406 parte
1178 344 1228 392 in
1255 344 1442 408 eampis
1471 344 1699 394 Albensi-

198 430 293 479 bus
314 428 494 478 adesse
519 427 667 476 iubet.
694 426 810 491 Ipse
836 426 995 475 literis
1023 427 1087 475 ad
1115 424 1387 491 Georgium
1415 414 1699 488 clanculum,

151 543 154 546 ·
199 517 382 580 quanta
418 512 576 577 potuit
602 510 872 570 eeleritate,
914 511 1056 571 datis,
1098 511 1348 573 significat
1386 526 1441 560 se
1480 510 1701 560 collectis

197 596 353 663 copiis
380 585 612 645 celeriter
639 596 838 653 adfores
851 595 1175 660 hortaturque
1215 610 1339 653 eum,
1365 600 1419 644 ut
1443 595 1698 659 praesenti

197 681 357 732 animo
384 681 462 743 sit,
499 681 856 747 pristinamque
882 681 1112 730 virtutem
1137 680 1364 729 retineat.
1394 680 1526 740 Mox,
1554 695 1697 744 prae-

188 748 363 817 ⁸missis
387 766 747 831 impedimentis
774 771 922 830 atque
946 765 1219 826 tormentis,
1259 764 1575 829 cumprimum
1618 780 1698 813 co-

197 850 310 918 piae
350 854 697 912 convenerunt,
721 850 772 899 in
799 847 1038 915 Campum
1065 848 1232 907 Panis,
1284 849 1356 898 sic
1381 848 1699 914 appellatum,

196 936 525 1003 progreditur,
555 939 604 985 et
631 939 775 985 aucto
801 935 853 984 in
880 935 986 984 dies
1013 935 1234 1003 exercitu
1259 934 1558 999 pedetentim
1585 933 1700 998 Lip-

196 1031 309 1088 pam
336 1035 510 1070 versus
536 1020 773 1086 procedit.
800 1019 860 1069 Id
884 1019 968 1068 ubi
994 1019 1191 1068 Turcae
1228 1035 1319 1084 per
1358 1019 1702 1083 exploratores

197 1107 491 1171 cognovere,
524 1105 705 1154 *territi
746 1104 1003 1168 confestim
1031 1104 1244 1153 adventu
1283 1103 1530 1168 Principis
1571 1104 1700 1153 obsi-

152 1213 155 1219 ·
198 1193 391 1242 dionem
418 1190 706 1256 relinquere·
725 1194 957 1240 statuunt.
990 1217 1055 1223 —
1085 1189 1261 1253 Itaque
1298 1192 1491 1237 tentata
1530 1188 1699 1238 ultimo

199 1281 374 1327 conatu
401 1275 784 1342 oppugnatione,
823 1279 1086 1340 postquam
1123 1274 1248 1323 nihil
1288 1275 1344 1324 se'
1367 1274 1607 1339 proficere
1633 1274 1702 1322 vi-

197 1362 338 1421 dent,
377 1361 591 1410 vastatis
628 1361 778 1424 longe
815 1362 1015 1424 lateque
1041 1360 1234 1421 finibus,
1287 1359 1545 1421 obsidione
1577 1359 1703 1407 desi-

196 1449 342 1509 stunt,
395 1445 689 1509 amissisque
741 1459 940 1494 suorum
977 1445 1214 1510 plurimis,
1265 1449 1473 1509 accepta
1521 1459 1703 1507 magna

194 1529 353 1589 clade,
378 1529 556 1579 itinere
579 1530 730 1593 fugae
749 1530 899 1579 simili
912 1529 1198 1580 abscedunt.
1227 1529 1387 1590 Quam
1413 1545 1532 1589 rem,
1555 1544 1697 1593 prae-

194 1621 271 1665 ter
285 1615 666 1678 Lugasiensium
692 1616 743 1663 in
769 1616 1054 1665 suburbana
1067 1615 1510 1665 Tomosvariensia
1531 1629 1699 1663 excur-

197 1701 398 1761 sionem,
425 1705 475 1749 et
499 1699 594 1750 hoc
617 1716 717 1750 non
742 1715 915 1765 parum
942 1700 1143 1761 adiuvit,
1182 1700 1313 1764 quod
1351 1713 1408 1748 eo
1446 1714 1702 1764 propemo-

195 1785 307 1835 dum
333 1791 576 1835 momento
590 1787 757 1836 Bassa
782 1792 1045 1852 acceperat
1071 1802 1126 1835 se
1154 1786 1359 1848 deiect0,
1386 1800 1564 1835 novum
1589 1800 1700 1849 pro-

194 1870 446 1921 consulem
471 1871 522 1920 in
548 1871 654 1921 dies
681 1870 965 1930 adventare,
993 1886 1091 1935 qua
1140 1870 1319 1920 iniuria
1363 1869 1699 1918 vehementis-

193 1950 316 2021 sime
341 1961 625 2015 commotus,
651 1972 712 2006 ne
728 1942 1053 2021 suo'periculo
1080 1955 1293 2005 alienam
1307 1955 1517 2020 gloriam
1545 1970 1693 2018 quae-

193 2045 340 2099 reret,
366 2041 530 2090 soluta
555 2041 814 2090 confestim
841 2041 1111 2101 obsidione,
1151 2046 1335 2105 quanta
1371 2040 1531 2105 potuit
1570 2038 1695 2089 cele-

193 2124 339 2173 ritate
365 2123 557 2173 domum
594 2125 765 2191 rediit3
816 2126 1018 2174 multum
1058 2136 1378 2189 conquerens,
1418 2129 1517 2174 tam
1556 2139 1699 2189 prae-

194 2209 379 2267 clarum
405 2208 600 2258 virtutis
639 2209 974 2268 ostendendae
1012 2226 1234 2275 campum
1274 2209 1548 2275 importuno
1588 2224 1698 2259 suc-

192 2293 408 2343 cessoris
421 2293 637 2344 adventu
650 2292 747 2343 sibi
755 2295 990 2360 praeripi.
1007 2294 1264 2360 Princeps,
1277 2295 1473 2358 cognito
1488 2293 1699 2343 hostium

191 2377 429 2439 discessu,
458 2372 683 2444 quamvis
703 2378 971 2445 ,liberatam
998 2379 1264 2445 :obsidione
1291 2375 1503 2445 Lippam
1530 2378 1694 2439 sciret,

189 2467 353 2512 tamen
403 2462 523 2512 nihil
573 2463 633 2512 de
683 2463 939 2513 celeritate
989 2450 1332 2514 remittendum
1382 2464 1699 2523 existimavit,

181 2545 459 2612 eodemque
490 2547 675 2612 impetu
702 2548 914 2614 Lippam
953 2549 1213 2599 contendit.
1257 2547 1510 2613 Georgius
1549 2553 1685 2598 tanto

187 2631 404 2697 periculo
430 2625 685 2694 liberatus,
713 2639 762 2683 et
785 2650 883 2684 non
910 2635 1068 2685 solum
1093 2640 1422 2700 recuperatae
1451 2649 1480 2682 a
1507 2633 1692 2683 Turcis

189 2715 401 2789 Lippae,
423 2716 513 2766 sed
538 2716 685 2767 etiam
711 2725 942 2772 servatae
959 2719 1497 2786 defensaequedhonore
1513 2720 1690 2780 laetuS,

189 2815 297 2850 cum
323 2799 585 2866 explicatis
612 2815 809 2852 suorum
836 2805 1113 2868 agminibus
1129 2803 1559 2869 obviamPrincipi
1575 2819 1687 2868 pro-

189 2883 332 2934 cedit.
398 2884 906 2938 Honorificentissime
946 2890 1141 2955 excepit
1179 2886 1288 2938 eum
1326 2887 1593 2952 Princeps,
1646 2893 1695 2938 et

189 2983 297 3017 cum
335 2984 365 3017 a
390 2969 587 3019 biennio
626 2987 749 3034 eum,
787 2978 956 3039 totque
993 2975 1215 3026 victoriis
1255 2989 1350 3022 non
1381 2973 1602 3029 vidisset,
1641 2974 1692 3023 in

190 3058 455 3117 conspectu
481 3055 735 3106 ambarum
763 3059 1013 3124 copiarum
1040 3065 1260 3110 amanter
1281 3074 1388 3108 eum
1404 3059 1688 3124 complexus
