2112 3288
513 245 577 278 DE
602 245 712 279 ΗΕΒ.
743 245 855 279 VNG.
882 244 990 278 mcc·
1018 246 1063 278 x.
1091 246 1134 279 L.
1166 245 1227 279 1x.
1551 234 1650 285 211
1705 271 1707 275 .

154 363 439 415 fodinarum.
455 362 668 414 Cuilibet
681 369 841 414 autem
852 362 1122 413 Siculorum
1138 363 1399 429 Capitanei
1412 366 1653 430 Principis

153 465 242 512 pro
266 454 443 514 parata
468 448 675 513 pecunia
701 450 857 498 salem
884 454 933 498 et
957 449 1138 498 ferrum
1150 449 1543 514 suppeditabunt.
1558 452 1654 501 Fo-

156 533 318 585 dinam
344 532 658 596 sulphuream
685 534 736 582 in
762 534 1026 583 territoriis
1040 532 1320 599 Superioris
1337 540 1386 584 et
1399 536 1655 585 Inferioris

141 617 310 681 ‚Torja
347 616 492 667 sitam
528 617 719 668 incolae
760 633 926 666 eorum
951 618 1167 667 vicorum
1194 619 1458 668 secundum
1485 625 1656 670 vetera

153 699 370 766 ipsorum
394 701 659 767 privilegia
685 703 930 763 excolere,
960 718 1019 751 ac
1044 702 1253 767 sulphur
1280 718 1419 753 omne
1433 704 1484 752 in
1496 704 1653 770 publi-

152 801 259 837 cum
297 786 724 837 armamentarium
763 787 908 837 solito
947 802 1082 836 more
1121 787 1469 838 administrare
1508 788 1653 838 debe-

152 870 285 922 bunt.
335 871 523 922 Debita
557 857 721 944 tamen
759 872 921 921 omnia
958 872 1183 937 patronis
1223 873 1326 922 suis
1351 873 1655 939 persolvant,

152 955 482 1021 tributumque
518 956 620 1006 illis
660 957 898 1007 hactenus
924 956 1205 1022 impositum
1234 962 1282 1007 et
1307 958 1520 1008 nondum
1546 974 1655 1024 per-

153 1041 377 1103 solutum,
403 1041 698 1106 residuaque
726 1056 892 1091 eorum
934 1042 983 1090 in
1019 1042 1196 1092 fiscum
1220 1042 1543 1108 principalem
1569 1043 1652 1092 ad·

151 1125 428 1176 ministrare
457 1131 728 1176 teneantur.
759 1125 1046 1191 Quicunque
1074 1131 1239 1178 autem
1256 1125 1528 1178 Siculorum
1542 1128 1654 1178 huie

148 1210 282 1261 bello
296 1210 539 1260 interesse
564 1210 821 1272 noluerint,
848 1211 883 1259 ii
909 1210 1003 1260 hac
1028 1210 1274 1261 libertatis
1295 1212 1651 1277 praerogativa

149 1311 245 1347 non
259 1297 498 1358 fruentur,
519 1297 609 1346 sed
621 1296 874 1362 prioribus
890 1297 992 1346 suis
1008 1297 1215 1346 dominis
1231 1297 1532 1348 addicentur.
1555 1297 1651 1358 Qui

149 1397 267 1433 vero
281 1382 469 1432 arcium
481 1382 789 1447 publicarum
811 1372 931 1432 iuris
948 1381 1156 1443 fuerant,
1184 1382 1248 1431 ad
1264 1398 1431 1432 earum
1456 1397 1649 1432 rursum

148 1461 538 1517 iurisdictionem
549 1464 553 1467 ”
564 1467 982 1531 mancipabuntur,
1009 1466 1233 1531 exceptis
1246 1466 1323 1528 iis,
1356 1467 1438 1531 qui
1453 1467 1650 1532 expedi-

147 1550 365 1602 tionibus
379 1550 460 1601 vel
474 1549 913 1612 Moldaviensibus,
942 1551 1023 1600 vel
1049 1550 1410 1616 Transalpinis,
1426 1552 1506 1601 vel
1522 1550 1651 1600 deni—

149 1652 243 1702 que
281 1635 671 1700 Lugasiensibus
711 1635 936 1701 occupati
974 1635 1195 1684 sedulam
1222 1635 1414 1700 patriae
1465 1643 1648 1685 navant

144 1736 358 1786 operam,
384 1721 543 1771 adhuc
578 1721 796 1784 exceptis
830 1721 977 1770 etiam
1005 1720 1220 1782 senibus,
1265 1720 1440 1782 viduis,
1470 1720 1646 1785 orpha—

146 1805 236 1868 nis,
249 1805 447 1857 famulis
465 1811 514 1856 et
527 1806 743 1856 vicorum
758 1806 1103 1871 domorumque
1119 1805 1423 1866 custodibus,
1452 1806 1651 1855 ceteris-

149 1906 256 1955 que,
284 1891 366 1956 qui
384 1891 551 1956 aliqua
577 1890 852 1941 excusabili
865 1891 1165 1940 necessitate
1186 1890 1315 1939 domi
1340 1889 1498 1940 relicti
1524 1895 1650 1940 sunt.

149 1974 302 2039 siqui
330 1980 493 2025 autem
507 1974 783 2025 Siculorum
810 1975 1050 2025 violenter
1067 1975 1402 2025 detinerentur
1429 1991 1460 2023 a
1485 1979 1649 2039 patro-

149 2058 226 2107 nis
241 2077 252 2107 :
266 2059 302 2108 ii
315 2059 462 2110 etiam
476 2061 650 2110 dimitti
663 2060 902 2121 iubentur,
920 2064 968 2109 et
983 2060 1153 2109 eodem
1167 2059 1391 2108 redditae
1406 2059 1652 2109 libertatis

147 2143 411 2208 privilegio
451 2145 533 2207 uti,
572 2145 670 2194 frui
707 2145 1066 2210 permittuntur.
1122 2144 1379 2194 Postremo
1424 2144 1650 2194 iubentur

149 2226 422 2279 Siculorum
461 2230 694 2292 universi,
732 2247 791 2279 ac
829 2230 1026 2295 singuli,
1078 2231 1160 2295 qui
1199 2229 1332 2279 bello
1372 2229 1650 2279 interfuturi

148 2313 260 2374 sint,
287 2313 483 2364 nomina
508 2330 598 2365 sua
619 2314 841 2380 profiteri
867 2320 916 2364 et
940 2315 990 2363 in
1017 2316 1297 2379 catalogum
1323 2314 1649 2376 matriculam-

154 2413 248 2463 que
285 2397 543 2465 Principis,
596 2415 654 2448 ac
679 2399 1007 2462 legitimorum
1047 2400 1151 2449 eius
1206 2397 1473 2448 haeredum
1524 2398 1648 2447 refe-

153 2483 307 2534 renda
335 2499 522 2534 curare.
552 2484 661 2534 Has
689 2499 857 2534 omnes
882 2484 1105 2533 redditae
1144 2483 1390 2533 libertatis
1417 2482 1648 2532 conditio-

153 2583 242 2618 nes
279 2568 496 2619 universi
534 2585 593 2618 ac
631 2569 815 2632 singuli
853 2567 1126 2619 Siculorum
1164 2568 1255 2617 sub
1296 2567 1558 2616 amissione
1597 2565 1651 2613 li-

153 2651 362 2702 bertatis
407 2658 728 2717 recuperatae
768 2653 1037 2702 observare
1062 2657 1302 2702 tenentur.
1351 2650 1480 2699 Acta
1529 2650 1650 2698 haec

153 2737 348 2785 fuerunt
371 2735 486 2785 XV.
515 2735 821 2802 Septembris
849 2734 1117 2786 MDXOV.
1161 2737 1211 2785 in
1250 2735 1427 2786 castris
1466 2733 1529 2783 ad
1556 2732 1648 2781 Fe-

152 2820 434 2870 ketehalom
460 2820 650 2886 positis.

1350 3161 1429 3203 14*
