2112 3288
440 186 544 235 214
965 203 1029 236 [ο.
1058 202 1191 235 611611
1216 202 1417 237 BARovn

442 322 573 367 stare
598 319 754 378 iussit,
780 319 919 382 eique
945 318 1200 368 Albertum
1225 318 1402 377 Kirali,
1432 318 1680 382 praefecit,
1703 314 1761 383 fet
1797 318 1918 366 duas

438 401 701 451 auxiliares
728 401 1001 466 phalanges
1028 402 1181 450 eidem
1209 402 1439 462 adiunxit,
1479 406 1530 450 ut
1556 402 1597 449 si
1625 401 1683 450 ad
1711 400 1917 465 primum

439 490 801 535 antecursorum
845 485 1072 548 impetum
1111 485 1320 533 Barbari
1359 490 1499 548 terga
1537 501 1632 534 non
1659 487 1919 545 verterent,

437 568 561 617 duae
586 568 704 618 illae
729 568 993 618 auxiliares
1021 569 1145 629 alae,
1184 558 1441 632 suppetias*
1463 567 1797 617 laborantibus
1823 567 1916 616 fer-

436 656 557 700 rent.
587 652 681 701 His
707 652 954 701 subiunxit
980 651 1158 700 bellica
1171 657 1412 702 tormenta
1437 652 1623 701 maiora
1649 656 1697 700 et
1717 651 1918 712 minora,
1944 694 1947 696 r

438 739 561 799 qnae
600 737 749 786 robur
784 736 933 785 totius
973 736 1234 785 exercitus·
1256 737 1487 799 subsequi
1526 735 1680 785 iussit.
1731 734 1863 784 Huic
1889 749 1918 782 a

441 819 627 880 dextra,
654 819 893 884 laevaque
924 825 1066 884 parte
1091 821 1321 870 annexuit
1347 820 1468 870 duas
1497 818 1764 869 auxiliares
1802 816 1919 883 pha·
1954 883 1955 887 Ἰ

434 901 635 966 langes,
674 919 798 967 quae
834 903 1078 968 prioribus
1118 904 1379 963 111611113115ἦ
1418 908 1531 968 post
1574 906 1919 953 tormentorum

437 987 784 1050 explosionem‚
812 993 1163 1036 succurrerent.
1191 986 1377 1047 Quodsi
1403 1002 1517 1035 vero
1543 1002 1604 1036 ne
1630 987 1702 1035 sic
1729 984 1920 1049 quidem

436 1070 628 1118 Tureae
678 1070 727 1118 in
764 1070 930 1131 fugam
967 1071 1093 1119 verti
1129 1075 1345 1135 possent,
1394 1070 1661 1134 praecipua
1700 1083 1920 1133 quaeque

434 1168 553 1216 pars
594 1154 644 1202 in
671 1168 755 1202 eos
789 1153 1010 1214 irrueret,
1037 1168 1150 1202 mox
1175 1159 1276 1202 tres
1302 1153 1624 1216 retrogradae
1653 1149 1921 1201 Germano-

433 1256 538 1290 rum
565 1237 985 1301 cataphractorum
1025 1237 1134 1286 alae
1173 1237 1340 1301 copias
1377 1236 1585 1286 hostiles
1611 1234 1919 1284 circumveni-

435 1329 558 1374 rent.
598 1321 782 1382 Quodsi
808 1335 926 1368 vero
953 1321 1147 1370 tandem
1173 1338 1234 1371 ne
1261 1322 1332 1370 sic
1359 1321 1550 1385 quidem
1574 1320 1798 1390 inclinari
1811 1319 1920 1370 bar-

436 1408 634 1457 baricae
670 1405 802 1454 vires
844 1410 1070 1470 possent:
1110 1411 1209 1454 tum
1246 1421 1363 1455 vero
1399 1405 1614 1470 receptui
1641 1404 1918 1465 canendum,

436 1497 484 1541 et
509 1490 676 1556 copias
702 1489 752 1537 in
777 1488 930 1538 tutius
956 1488 1241 1538 referendas
1267 1488 1503 1554 Princeps
1543 1487 1725 1550 statuit,
1761 1488 1920 1554 quoad

435 1590 592 1624 novae
618 1572 942 1622 Maximiliani
968 1572 1136 1637 copiae
1163 1573 1380 1622 subsidio
1407 1573 1742 1625 laborantibus
1765 1573 1921 1621 Tran-

437 1658 658 1726 sylvanis
703 1656 880 1706 adesse
917 1662 1133 1721 possent.
1175 1658 1302 1706 Nam
1338 1658 1408 1706 uti
1444 1657 1663 1720 diximuS,
1700 1659 1920 1711 Maximi-

435 1743 595 1793 lianus
623 1741 874 1790 Archidux
901 1741 1005 1789 eius
1032 1742 1187 1791 solum
1224 1757 1417 1806 pugnae
1457 1741 1678 1791 eventum
1703 1751 1922 1808 pra-esto-

433 1828 641 1887 labatur,
659 1841 756 1891 Ι1166
782 1840 1021 1889 quoquam
1036 1831 1201 1874 castra
1225 1831 1459 1888 moverat,
1485 1830 1537 1874 ut
1563 1826 1619 1888 si,
1635 1827 1763 1891 quod
1781 1844 1919 1879 omen

436 1911 574 1960 Deus
599 1909 837 1974 propitius
883 1915 1241 1970 averruncaret,
1271 1909 1837 1974 TransylvaniaSinano
1850 1913 1920 1961 fu-

436 1998 682 2058 garentur,
708 1997 944 2042 maturam
969 1993 1075 2057 ipse
1102 2008 1242 2058 opem
1267 1993 1368 2042 illis
1396 2009 1456 2042 ex
1480 2000 1717 2045 convento
1745 2011 1918 2062 appor-

436 2083 575 2127 taret.
606 2077 733 2126 Toto
761 2077 910 2141 igitur
925 2077 1156 2138 exercitU,
1185 2077 1265 2141 qui
1280 2078 1343 2126 ad
1359 2063 1455 2125 LX
1474 2077 1665 2127 circiter
1679 2079 1921 2131 hominum

436 2161 589 2210 millia
614 2161 845 2210 habuisse
872 2161 1192 2220 indicabatur,
1230 2161 1279 2209 in
1317 2161 1443 2209 hunc
1468 2161 1658 2210 modum
1685 2163 1922 2221 ordinate,

436 2245 642 2308 ipsemet
678 2244 915 2307 Princeps
954 2260 1058 2293 cum
1097 2245 1419 2294 selectissimo
1460 2246 1919 2310 quadringentorum

438 2327 628 2376 circiter
665 2331 1006 2376 veteranorum
1058 2327 1268 2391 equitum
1309 2327 1549 2390 comitatu,
1599 2345 1724 2392 pone
1773 2333 1920 2382 robur

438 2411 678 2461 exercitus
717 2426 873 2476 prope
914 2411 1225 2475 praecipuum
1279 2411 1508 2460 vexillum
1536 2412 1762 2474 constitit,
1800 2419 1853 2464 ut
1877 2416 1919 2464 si

439 2495 555 2559 quid
579 2499 777 2560 praeter
803 2510 938 2561 spem
967 2495 1196 2549 evenerit,
1236 2500 1437 2544 mature·
1460 2510 1512 2544 se
1553 2512 1613 2544 ex
1652 2495 1793 2547 clade
1826 2499 1919 2548 sal-

438 2594 548 2628 vum
573 2578 827 2643 reciperet.
866 2579 989 2629 Mox
1016 2579 1234 2628 omnibus
1263 2580 1354 2627 rite
1381 2579 1631 2643 dispositis
1667 2596 1738 2643 ec,
1778 2598 1918 2647 quem

438 2646 689 2712 retulimus
716 2661 899 2723 ordine,
927 2662 1059 2711 acies
1088 2667 1258 2712 contra
1286 2661 1518 2712 Sinanum
1555 2666 1786 2729 progredi
1823 2667 1918 2716 ius-

440 2746 504 2795 sit
530 2761 587 2795 eo
615 2737 785 2808 anim0,
814 2751 865 2795 ut
890 2745 933 2795 si
956 2746 999 2794 is
1026 2747 1212 2809 copiam
1237 2747 1483 2811 pugnandi
1507 2748 1704 2811 faceret,
1733 2751 1918 2801 confes-

439 2825 526 2878 tim
565 2845 670 2879 cum
709 2846 765 2879 eo
804 2830 1110 2895 confligeret:
1162 2831 1236 2879 sin
1275 2831 1455 2893 minus,
1495 2833 1686 2882 Turcas
1725 2834 1917 2885 arcibus
1994 2837 1998 2839 ’

440 2914 891 2982 impedimentisque
919 2920 1103 2976 exutos,
1129 2919 1232 2964 tota
1256 2916 1506 2980 provincia
1531 2918 1749 2982 pelleret.
