2112 3288
643 148 708 182 m:
736 146 845 181 REB.
873 142 986 177 VNG.
1013 145 1123 178 ΠΕΟ.
1150 146 1213 179 xi.
1243 147 1286 180 L.
1314 148 1364 180 11.
1518 160 1526 164 —
1663 138 1765 188 327

255 271 354 322 mul
391 268 636 334 equitibus
677 266 879 315 daretur
920 256 1134 325 (Signum
1151 257 1194 326 P)
1245 261 1519 328 Postquam
1558 266 1771 318 Barbari

259 353 440 421 oppido
465 349 949 418 appropinquarunt:
980 342 1128 393 mittit
1143 344 1309 395 Bassa
1324 349 1584 398 confestim
1611 367 1638 399 e
1665 353 1768 401 suis

255 437 548 490 selectiores
574 435 765 500 aliquot
790 435 1156 490 antecursores,
1173 430 1256 494 qui
1281 433 1492 482 terroris
1518 433 1768 484 iniiciendi

256 520 418 587 gratia
432 519 659 570 aedificia
674 517 800 567 citra
812 528 1001 564 moram
1014 511 1390 564 inflammarent.
1421 516 1479 565 Id
1493 517 1577 566 ubi
1590 519 1771 569 factum

253 606 447 667 fuisset,
472 602 716 668 simulque
741 598 956 651 Barbari
982 597 1192 647 insidias
1224 605 1506 650 nostrorum
1547 607 1772 667 praeter-

254 689 418 754 gressi
447 689 672 749 fuissent,
715 682 943 750 quamvis
970 681 1201 746 provisor
1238 685 1494 748 praecepti
1519 685 1771 736 immemor

255 788 371 825 sero
396 773 449 823 id
472 771 675 832 fecerit,
716 768 832 819 dato
869 780 1067 832 pugnae
1106 766 1250 830 signo
1278 768 1474 832 Vngari
1513 770 1771 820 confestim

255 860 561 924 procurrunt,
589 869 648 904 ac
673 852 871 903 sublato
887 853 1103 901 clamore
1117 853 1410 903 acerrimum
1436 869 1544 903 cum
1557 854 1619 903 iis
1634 869 1774 919 prae-

251 941 371 991 lium
395 939 578 989 ineunt.
629 938 744 988 Non
777 936 938 986 minus
965 935 1201 986 audacter
1228 936 1427 987 Turcae
1455 953 1649 1002 quoque
1674 954 1774 987 ma-

251 1040 345 1076 nus
384 1039 494 1074 cum
531 1023 719 1074 nostris
758 1026 1047 1082 conserunt,
1100 1036 1158 1070 eo
1186 1026 1377 1082 eventU,
1428 1027 1481 1071 ut
1507 1021 1604 1070 nisi
1628 1020 1775 1071 liberi

250 1109 446 1176 pedites
483 1112 726 1158 maturam
765 1105 1012 1171 equitibus
1051 1121 1193 1171 opem
1231 1106 1491 1167 tulissent,
1530 1106 1636 1155 fere
1674 1105 1774 1155 iam

252 1195 410 1246 nostri
434 1194 484 1243 in
508 1193 679 1256 fugam
707 1207 763 1241 se
790 1191 1058 1240 dedissent.
1088 1189 1188 1240 Sed
1214 1191 1397 1240 milites
1421 1191 1543 1240 duce
1558 1191 1773 1240 Martino

252 1279 452 1330 Horvat
486 1278 538 1327 in
564 1277 761 1327 Turcas
812 1276 1057 1324 irruentes
1101 1276 1347 1339 extemplo
1387 1290 1474 1324 eos
1508 1276 1558 1325 in
1596 1276 1769 1339 fugam

254 1367 468 1413 vertunt.
506 1363 704 1412 Instant
741 1360 1046 1423 fugientibus
1073 1360 1244 1422 nostri,
1286 1375 1347 1409 ac
1372 1376 1434 1410 ne
1454 1359 1672 1426 praedae
1699 1360 1770 1408 in-

253 1448 451 1498 hiantes
477 1446 734 1496 Barbaros
762 1460 789 1494 e
815 1444 1044 1494 manibus
1071 1444 1203 1493 elabi
1239 1444 1513 1509 patiantur,
1542 1443 1776 1493 Andreas

251 1533 462 1584 Barcsai
489 1537 538 1582 et
563 1533 779 1582 Ioannes
806 1530 1027 1595 Kapturi
1067 1531 1264 1579 sublata
1291 1545 1414 1580 voce
1454 1529 1775 1588 inclamitant,

254 1623 404 1683 atque
435 1618 536 1667 'sub
576 1616 755 1682 capitis
792 1615 1014 1681 periculo
1053 1615 1302 1664 universis
1337 1614 1646 1664 denunciant.
1698 1612 1778 1662 Ita

230 1696 233 1701 ’
254 1702 390 1753 caesi
415 1703 523 1751 fere
549 1715 733 1762 omneS,
762 1699 894 1764 capti
918 1698 1199 1763 pauciores,
1226 1698 1393 1748 Bassa
1419 1713 1528 1747 cum
1543 1697 1640 1746 LX
1667 1712 1776 1746 suo·

252 1802 359 1836 rum
409 1786 530 1850 fuga
567 1785 797 1849 elapsus:
849 1783 1074 1832 omnibus
1125 1782 1277 1846 igitur
1320 1782 1371 1831 in
1406 1784 1576 1846 fugam
1613 1780 1777 1831 versis

250 1871 479 1935 fugiebat
517 1874 566 1919 et
591 1869 702 1934 ipse
723 1869 894 1927 ¹Bassa
921 1882 1047 1932 equo
1074 1872 1246 1917 vectus
1286 1866 1620 1927 velocissimO,
1649 1881 1776 1915 cum-

254 1970 350 2020 que
373 1953 621 2004 Martinus
646 1952 843 2002 Horvat
878 1952 1089 2015 fugienti
1125 1952 1350 2013 instaret,
1389 1951 1519 2000 forte
1553 1950 1698 1999 ambo
1726 1950 1777 2000 in

252 2042 521 2091 torrentem
560 2035 820 2102 quemdam
859 2035 1177 2086 devenerunt.
1228 2035 1308 2085 Ibi
1334 2035 1503 2085 Bassa
1541 2048 1666 2098 equo
1694 2033 1775 2084 de-

251 2125 425 2189 lapsus
450 2137 625 2188 parum
651 2121 808 2171 abfuit
835 2120 951 2185 quin
989 2136 1020 2170 a
1046 2119 1262 2170 Martino
1301 2125 1575 2185 caperetur,
1615 2120 1775 2170 vitare

255 2213 420 2259 autem
447 2206 644 2256 omnino
672 2202 770 2255 non
795 2205 967 2271 potuit,
996 2205 1112 2270 quin
1140 2205 1204 2254 ab
1231 2220 1290 2255 eo
1315 2205 1566 2255 insiliente
1582 2204 1775 2255 saucia-

247 2297 398 2354 retur,
434 2291 525 2341 sed
552 2296 719 2341 tamen
743 2291 795 2340 in
822 2306 999 2355 equum
1026 2290 1283 2340 confestim
1310 2289 1540 2340 aBesliis
1569 2290 1772 2339 circum-

256 2377 504 2428 stantibus
532 2377 775 2438 sublatUS,
803 2377 962 2427 effusa
988 2376 1084 2426 sibi
1104 2377 1225 2440 fuga
1240 2376 1497 2426 consuluit.
1525 2375 1772 2425 Martinus

251 2459 460 2519 Horvat‚
506 2474 653 2524 quum
690 2460 845 2525 pedes
885 2459 1000 2524 equi
1051 2459 1128 2510 sui
1154 2459 1286 2509 saltu
1325 2459 1445 2521 eiUS,
1479 2474 1623 2524 quem
1650 2458 1773 2507 dixi-

255 2538 378 2606 mus,
402 2543 640 2593 torrentis
654 2543 823 2594 laesos
837 2543 1061 2606 vidisset,
1074 2544 1384 2608 Bassamque
1398 2543 1519 2607 fuga
1535 2543 1774 2607 elapsum,

252 2626 489 2693 prosequi
540 2642 648 2676 eum
688 2628 859 2691 desiit,
911 2634 961 2679 et
998 2628 1062 2679 ad
1102 2644 1219 2679 suos
1260 2644 1315 2678 se
1352 2628 1554 2693 recepit.
1608 2627 1775 2676 Bassa

252 2712 618 2761 Tomosvarum
643 2727 890 2776 reversusx,
932 2730 1078 2778 quum
1118 2713 1256 2763 varie
1285 2717 1565 2776 angeretur,
1592 2711 1773 2776 postri-

254 2795 347 2859 die,
386 2796 596 2846 colleota
634 2810 832 2847 suorum
859 2814 1020 2861 manu,
1060 2798 1110 2848 in
1135 2797 1403 2863 proximaS,
1449 2811 1546 2860 qua
1582 2795 1772 2858 fugien-

252 2880 362 2931 dum
390 2880 595 2945 reliquis
619 2880 725 2945 fuit,
752 2882 928 2946 sylvas
954 2885 1220 2949 profectUS,
1248 2882 1432 2931 usitato
1461 2895 1582 2929 sono
1608 2878 1768 2929 bucci-

251 2980 346 3017 nae
373 2979 490 3016 suos
517 2980 544 3015 e
569 2965 691 3028 fuga
718 2965 973 3031 colligere,
1015 2973 1064 3018 et
1103 2966 1398 3017 contrahere
1437 2969 1641 3015 conatus
1670 2967 1760 3017 est,
