2112 3288
591 184 656 216 DE
682 183 787 216 nnn.
815 183 926 216 VNG.
954 183 1063 215 nno.
1093 185 1140 217 x.
1167 184 1210 215 L.
1251 185 1333 217 vn.
1626 170 1724 220 151

219 303 400 352 iactum
425 298 726 350 bombardae
754 296 1068 347 Christianos
1111 300 1355 348 instructa
1384 302 1490 349 acie
1519 303 1728 364 quadra-

219 386 383 450 tisque
418 382 700 448 agminibus
742 382 1145 446 appropinquare
1174 382 1412 443 viderent,
1477 389 1724 435 tormenta

221 467 392 520 ordine
417 465 580 515 omnia
605 465 656 513 in
682 479 772 514 eos
799 465 1134 529 exploserunt.
1178 466 1619 517 Verumenimvero
1668 487 1728 519 ne

219 552 478 617 quicquam
502 550 566 598 iis
593 549 874 598 detrimenti
899 549 1086 599 nostris
1128 548 1343 610 daretur,
1372 550 1468 599 fide
1503 552 1731 613 magistri

218 639 572 687 tormentorum
599 635 824 683 effectum
853 638 942 694 est,
970 633 1174 697 quicum
1191 631 1532 684 Christianum
1547 650 1602 684 se
1617 651 1730 686 esse

133 783 139 788 ·
215 719 630 779 reminisceretur,
657 732 817 782 neque
843 717 1170 783 popularibus
1199 718 1303 767 suis
1332 734 1512 768 nocere
1540 720 1591 769 in
1630 722 1730 770 ani-

217 820 348 855 mum
369 804 641 864 induceret,
696 818 756 852 ea
795 807 903 852 arte
942 802 1198 852 machinas
1241 819 1426 853 aeneas
1469 809 1726 867 statuerat,

218 895 275 940 ut
294 889 429 955 pilae
469 903 637 938 eornm
674 891 830 936 totum
868 893 1147 936 nostrorum
1192 888 1468 937 exercitum
1494 888 1601 937 sine
1626 889 1729 938 ullo

219 973 336 1024 dato
363 973 669 1023 incommodo
710 973 1194 1036 supervolitaverint.
1254 958 1409 1037 Atqui
1446 978 1729 1022 nostrorum

217 1063 463 1108 tormenta
487 1062 589 1106 tam
616 1057 831 1106 feliciter
857 1058 997 1106 fuere
1024 1058 1075 1105 in
1101 1055 1275 1106 hostes
1290 1058 1489 1118 librata,
1503 1063 1557 1107 ut
1569 1059 1728 1123 primo

220 1141 389 1192 statim
413 1141 514 1191 ictu
553 1141 764 1205 signifer
804 1156 911 1190 cum
943 1141 1214 1206 praecipuo
1253 1142 1627 1191 barbaricarum
1653 1157 1730 1190 co-

216 1227 409 1292 piarum
433 1226 619 1276 vexillo
635 1226 863 1276 concisus
877 1225 1051 1275 fuerit:
1081 1241 1178 1289 qua
1192 1241 1246 1274 re
1262 1231 1548 1290 conspecta,
1563 1226 1733 1275 simul->

220 1327 316 1377 que
365 1310 605 1361 acerrimo
669 1315 951 1360 nostrorum
1008 1310 1193 1374 impetu
1219 1311 1533 1374 clamoreque
1559 1308 1729 1360 hostes

219 1396 394 1459 territi,
408 1395 459 1445 in
483 1396 652 1458 fugam
680 1411 735 1445 se
760 1384 984 1461 protinus
1014 1395 1266 1457 dederunt,
1294 1395 1607 1459 desertisque
1630 1400 1729 1444 tor-

217 1477 396 1531 mentis
421 1479 882 1544 impedimentisque
923 1480 1106 1529 ceteris
1146 1481 1196 1529 in
1223 1482 1396 1530 urbem
1422 1496 1476 1529 se
1504 1480 1728 1544 recipere

218 1565 383 1616 conati
408 1565 617 1614 fuerunt.
644 1566 842 1614 Instant
866 1565 1173 1628 fugientibus
1208 1565 1379 1625 nostri,
1413 1569 1462 1613 et
1489 1578 1727 1627 quoscun-

218 1664 314 1715 que
339 1652 699 1713 assequuntur,
754 1664 909 1698 saeva
948 1648 1100 1698 caede
1139 1649 1416 1709 absumunt,
1467 1647 1606 1698 etad
1633 1646 1727 1695 duo

219 1730 375 1784 millia
401 1736 463 1783 ac
487 1733 725 1783 ducentos
753 1748 815 1782 ex
841 1733 902 1782 iis
936 1733 1200 1783 trucidant.
1253 1732 1494 1796 Bulgaris
1534 1736 1583 1780 et
1614 1730 1727 1779 reli-

218 1819 344 1884 quiS,
393 1831 517 1882 quos
570 1815 886 1868 Christianos
940 1833 1054 1867 esse
1105 1833 1167 1866 ex
1205 1817 1471 1882 praeputio
1509 1832 1607 1866 non
1634 1814 1727 1864 cir-

219 1902 438 1954 cumciso
490 1902 742 1966 cognitum
793 1908 884 1964 est,
951 1918 1012 1951 ex
1077 1902 1236 1951 edicto
1287 1916 1571 1966 pepercere.
1624 1900 1726 1949 Re-

216 1986 687 2052 liquiBarbarorum
714 1987 896 2051 partim
921 1987 971 2036 in
1001 2002 1163 2035 arcem
1182 2002 1235 2036 se
1263 2001 1518 2050 recepere,
1544 1985 1725 2049 partim

218 2071 330 2128 aliO‚
359 2085 457 2135 qua
482 2069 657 2135 cuique
682 2071 959 2135 proximum
985 2071 1090 2132 fuit,
1109 2071 1364 2134 diffugere.
1384 2069 1632 2134 Imprimis
1653 2074 1725 2117 ta-

225 2170 336 2205 men
368 2154 609 2219 plerique,
660 2155 744 2218 qui
785 2156 904 2218 fuga
930 2155 1027 2204 sibi
1069 2154 1280 2204 salutem
1309 2153 1639 2218 quaesierunt,
1676 2153 1727 2200 in

222 2253 385 2290 arcem
413 2235 746 2303 Gyrgioviam
786 2254 1009 2288 evasere.
1039 2238 1194 2287 Fusis
1221 2237 1509 2301 fugatisque
1534 2236 1584 2284 in
1596 2236 1727 2285 hunc

217 2322 410 2373 modum
424 2322 680 2384 Barbaris,
709 2322 942 2388 oppidum
968 2323 1125 2372 nostri
1142 2322 1394 2382 invadunt,
1421 2326 1471 2370 et
1498 2321 1723 2371 omnibus

216 2407 324 2457 sine
347 2406 448 2457 ullo
475 2406 659 2456 aetatis
687 2412 772 2456 aut
810 2422 960 2456 sexus
1002 2407 1287 2456 discrimine
1316 2406 1495 2466 caesis,
1546 2406 1721 2470 paucis

218 2486 475 2541 ad‘modum
501 2491 730 2554 servatis,
758 2497 933 2541 cuncta
960 2492 1212 2557 diripiunt,
1241 2490 1476 2556 praedam
1504 2489 1723 2552 abigunt,

220 2575 372 2624 aedes
396 2575 673 2638 incendunt,
702 2581 750 2626 et
778 2592 904 2641 quae
931 2578 1130 2627 auferre
1143 2592 1243 2626 non
1257 2579 1480 2641 possunt,
1497 2574 1723 2623 incendio

221 2658 432 2723 aliisque
457 2659 616 2709 modis
632 2668 960 2726 corrumpunt.
986 2663 1094 2712 Iam
1108 2677 1207 2711 nox
1221 2658 1504 2725 appetebat,
1519 2657 1722 2707 milites-

223 2755 331 2806 que,
342 2739 556 2791 Valachi
563 2745 857 2807 praesertim
873 2761 933 2795 ac
947 2745 1115 2806 Siculi,
1125 2759 1283 2809 genus
1297 2742 1545 2792 hominum
1558 2741 1724 2791 vinum

220 2829 477 2892 appetens,
505 2827 656 2877 caede
671 2830 960 2895 rapinisque
975 2831 1160 2891 satiati,
1179 2830 1324 2879 simul
1340 2832 1388 2876 et
1403 2826 1540 2885 fessi,
1557 2826 1723 2874 immo·

221 2910 470 2960 deratiore
495 2912 830 2974 generosioris
857 2916 973 2976 vini,
1002 2915 1214 2979 quodibi
1238 2914 1287 2962 in
1304 2911 1446 2975 copia
1471 2911 1722 2959 inventum

214 2999 334 3055 erat,
361 3009 453 3050 usu
479 3009 535 3043 se
558 2994 1134 3059 ingurgitaverant:cum
1161 2995 1377 3046 Michael
1404 2992 1634 3056 VaJ'voda
1659 3009 1714 3046 re
