2112 3288
431 198 531 250 180
957 216 1020 249 10.
1048 216 1179 250 DEcn
1200 218 1396 251 BARovn

427 335 503 378 tes
557 335 864 394 contemnere
914 336 1252 391 assuescerent,
1303 330 1620 379 lamentabile
1658 330 1910 380 documen-

424 418 525 462 tum
550 415 893 477 praebuerunt.
923 415 1182 465 Perierunt
1208 429 1269 462 ex
1294 413 1355 461 iis
1382 412 1445 459 ad
1469 412 1565 460 tria
1591 413 1783 462 circiter
1807 414 1910 463 mil-

423 496 492 544 lia
518 500 568 545 et
593 496 900 560 quingentos,
940 513 1047 547 cum
1085 513 1146 545 ex
1183 500 1319 544 tanto
1357 509 1555 543 numero
1594 495 1675 544 vix
1715 495 1908 546 ducenti

423 578 652 628 Danubio
691 584 797 628 utut
834 585 1093 643 potuerunt
1118 582 1350 642 superato
1376 577 1641 627 incolumes
1667 579 1717 627 in
1743 584 1908 628 castra

421 661 698 710 rediissent.
734 663 970 724 Magnam
1006 661 1132 710 haec
1167 665 1446 709 nostrorum
1472 661 1640 709 clades
1667 661 1905 711 Barbaris

421 760 559 809 spem
585 750 732 808 atque
757 745 981 794 fiduciam
1007 745 1222 793 melioris
1249 745 1475 793 fortunae
1503 744 1676 804 attulit,
1693 745 1906 794 occasio-

418 843 624 891 nemque
652 828 807 876 omnis
832 833 1109 876 nostrorum
1133 833 1309 891 postea
1341 828 1576 878 victoriae
1614 828 1904 893 praebuisse

419 910 635 959 videtur:
663 911 759 959 nisi
785 911 910 959 enim
922 911 1048 959 haec
1060 910 1223 959 clades
1250 926 1335 959 eos
1362 911 1652 960 animasset:
1678 911 1761 960 vix
1774 916 1905 961 certe

419 1009 478 1041 ac
491 1009 551 1042 ne
578 993 662 1041 vix
685 992 877 1056 quidem
901 998 1087 1042 tantum
1101 993 1196 1042 sibi
1223 989 1470 1058 (animum)
1497 1007 1689 1043 sumere
1703 995 1811 1043 ausi
1835 996 1903 1044 fo-

417 1080 539 1137 rent,
577 1080 629 1123 ut
666 1075 869 1125 traiecto
908 1075 1137 1125 Danubio
1179 1077 1561 1140 Transalpinam
1602 1077 1902 1127 invaderent.

415 1159 558 1208 Nunc
580 1173 687 1207 cum
711 1158 944 1206 maiorem
965 1159 1182 1208 Dacicae
1208 1161 1473 1209 iuventutis
1487 1159 1660 1209 florem
1674 1176 1734 1210 ea
1760 1161 1900 1211 clade

417 1242 725 1305 absumptum
749 1241 1037 1304 indicarent,
1062 1243 1376 1309 nonamplius
1393 1244 1521 1293 inter
1533 1244 1789 1293 victoriam
1826 1260 1903 1294 su-

415 1339 507 1384 am,
534 1328 582 1371 et
600 1323 981 1374 internecionem
1005 1331 1280 1376 nostrorum
1293 1331 1524 1392 putarunt
1537 1327 1776 1377 interesse
1791 1342 1907 1392 spa-1

412 1405 481 1466 tii,
509 1421 654 1470 quam
680 1407 809 1470 quod
836 1408 1094 1457 Danubius
1120 1411 1374 1474 utriusque
1410 1410 1566 1475 partis
1604 1411 1901 1460 exercitibus

414 1488 807 1553 interposuisset.
871 1490 950 1540 Ita
1013 1492 1179 1541 divina
1227 1493 1509 1556 benignitas
1560 1509 1710 1558 saepe
1754 1493 1901 1543 etiam

412 1573 543 1620 mala
568 1572 618 1620 in
645 1572 894 1622 commoda
920 1573 1023 1623 suis
1050 1579 1245 1624 vertere
1273 1577 1398 1625 solet
1425 1575 1664 1625 fidelibus.

873 1902 1104 1956 CAPVT
1131 1904 1433 1957 SEXTVM.

803 2033 881 2081 De
906 2043 1046 2097 capto
1074 2035 1284 2083 Bokczia
1309 2033 1515 2110 castello,

550 2149 764 2215 Cognita
787 2151 884 2201 hac
909 2152 1049 2202 clade
1076 2167 1284 2215 suorum,
1300 2151 1640 2216 sigismundus
1654 2152 1893 2221 Princeps

405 2234 718 2283 vehementer
742 2234 962 2296 indoluit,
990 2241 1038 2284 et
1074 2242 1126 2285 ut
1163 2235 1326 2299 aliquo
1365 2251 1598 2287 successu
1634 2236 1758 2287 haec
1793 2254 1891 2287 ma-

406 2316 518 2366 cula
543 2316 804 2379 deleretur,
831 2318 973 2368 simul
997 2323 1050 2367 ut
1073 2319 1267 2369 futurae
1292 2320 1490 2384 nuptiae
1517 2321 1681 2385 aliq-uo
1719 2336 1889 2371 secun-

404 2398 555 2449 dioris
592 2400 818 2450 fortunae
856 2402 1028 2450 afflatu
1067 2401 1436 2463 decorarentur,
1488 2403 1653 2452 missis
1701 2404 1890 2454 nunciis

405 2480 626 2546 Georgio
652 2483 886 2547 Barbely,
931 2499 1071 2546 quem
1109 2485 1424 2547 Lugasiensi,
1447 2501 1564 2535 orae
1601 2486 1889 2551 principalis

408 2564 653 2629 capitanei
666 2560 858 2615 nomine
873 2566 1195 2630 praefecerat,
1224 2567 1508 2631 solennique
1522 2567 1793 2618 iuramento
1818 2570 1891 2617 in-

403 2644 748 2711 auguraverat,
774 2663 864 2712 pro
892 2648 1187 2699 authoritate
1215 2687 1531 2698 .......
1559 2688 1569 2712 ,
1608 2656 1661 2701 ut
1685 2654 1885 2716 captata

404 2731 611 2780 subinde
636 2731 907 2793 occasione,
932 2731 1139 2793 levibus,
1166 2731 1294 2794 quod
1325 2732 1450 2781 bene
1475 2736 1704 2796 verteret,
1718 2733 1888 2783 velita-

401 2813 616 2863 tionibus
640 2814 864 2864 fortunae
889 2815 1157 2879 periculum
1182 2815 1382 2864 faceret.
1409 2815 1462 2863 Is
1500 2821 1752 2878 assumpta
1778 2831 1886 2866 con·

400 2896 565 2946 festim
614 2898 866 2961 aliquanta
892 2912 1087 2948 suorum
1123 2914 1292 2959 manU,
1347 2898 1616 2949 Bokcziam
1650 2899 1886 2964 imprimis

403 2977 674 3031 Castellum
698 2985 972 3045 spontanea
998 2979 1242 3033 deditione
1277 2981 1417 3046 cepit.
1470 2981 1811 3046 Quadraginta
1835 2982 1885 3030 in
