2112 3288
865 184 918 228 1³:s
949 185 1136 228 ΜυΝΚᾹι.
1529 200 1535 203 ·
1619 183 1759 227 XLIII

258 318 441 364 runtur.
480 310 601 362 Cum
640 310 766 359 enim
793 308 1233 359 eruditissimorum
1264 322 1566 370 quorumque
1593 298 1759 355 autho-

258 414 376 460 rum,
402 402 501 447 tam
527 409 793 455 sacrorum,
820 409 965 458 quam
1002 392 1382 458 prophanorum,
1410 392 1527 440 item
1553 396 1652 440 tam
1680 407 1759 440 ve-

257 488 411 534 terum
436 494 581 546 quam
594 478 922 529 recentiorum
937 478 1130 543 scripta
1149 477 1389 542 plurimis,
1415 476 1581 539 iisque
1596 475 1762 538 aenig-

256 566 480 617 maticum
507 564 737 630 quiddam
774 564 1090 624 habentibus,
1132 563 1331 627 adagiis
1358 562 1457 611 sint
1495 559 1762 610 refertissi-

256 667 364 702 ma:
393 664 576 715 quaeso
604 649 714 714 quis
728 648 911 714 poterit
925 664 985 698 ea
999 648 1080 697 vel
1093 648 1201 713 ipse
1227 647 1520 711 intelligere,
1548 647 1627 694 vel
1649 644 1761 694 aliis

254 734 582 800 interpretari,
622 733 665 783 si
690 733 742 782 in
769 733 963 798 adagiis
1002 738 1136 782 recte
1164 731 1522 795 cognoscendis
1550 728 1758 779 familia-

252 822 374 872 riter
397 825 625 870 versatus
651 835 749 869 non
773 818 959 868 fuerit?
996 818 1302 869 Praesertim
1329 833 1436 866 cum
1462 815 1628 866 idonei
1656 815 1757 879 qui-

254 919 350 972 que
372 904 653 971 Scriptores
691 905 772 954 vel
797 904 950 954 tacite
988 903 1050 953 ad
1078 903 1393 968 proverbium
1420 901 1653 961 alludant,
1684 900 1760 948 vel

251 1007 313 1041 ex
347 991 556 1054 abrupto
605 990 841 1049 inserant,
898 1004 1249 1052 nonnunquam
1301 987 1448 1037 etiam
1504 984 1759 1036 mutilatim

256 1077 421 1130 citent,
447 1075 710 1140 aliquoties
738 1074 948 1138 denique
973 1074 1116 1124 unico
1131 1074 1372 1123 duntaxat
1397 1073 1550 1122 verbo
1576 1074 1758 1123 notent.

402 1159 518 1210 Non
544 1160 637 1210 abs
661 1175 716 1209 re
738 1159 1104 1209 commendatur
1127 1159 1294 1223 itaque
1309 1158 1613 1222 Adagiorum
1640 1156 1762 1204 Era-

249 1245 344 1295 smi
369 1259 495 1310 opus
520 1249 594 1294 tot
618 1243 922 1294 eruditorum
961 1243 1207 1303 encomiis,
1250 1243 1319 1292 ita
1344 1248 1396 1292 ut
1421 1242 1506 1292 alii
1537 1240 1757 1305 logothe-

250 1346 357 1380 cam
395 1330 663 1390 Minervae,
716 1329 802 1379 alii
841 1329 1075 1379 Mercurii
1127 1328 1351 1388 salinum,
1404 1327 1534 1391 quod
1571 1326 1756 1390 logium

250 1417 376 1466 alias
426 1415 628 1474 dicitur,
681 1415 768 1465 alii
818 1415 1026 1479 denique
1076 1413 1271 1464 Suadae
1320 1412 1582 1462 medullam
1633 1410 1755 1460 illud

248 1500 556 1566 appellarint.
583 1498 732 1549 Certe
773 1499 899 1548 enim
938 1515 1035 1548 non
1059 1498 1300 1549 immerito
1328 1497 1564 1547 iudicavit
1589 1495 1751 1545 Ludo-

247 1585 384 1636 vicus
423 1585 577 1636 Vives
606 1583 700 1634 hoc
726 1584 867 1650 Opus
907 1584 1216 1648 Adagiorum
1254 1583 1360 1632 dies
1401 1588 1548 1646 atque
1582 1585 1753 1629 noctes

246 1685 358 1721 esse
386 1670 449 1719 ab
476 1669 699 1719 omnibus
716 1668 992 1732 legendum,
1020 1674 1224 1733 propter
1252 1682 1489 1716 summam
1516 1671 1565 1715 et
1590 1679 1752 1713 rerum

243 1760 293 1805 et
317 1755 577 1805 verborum
615 1755 820 1819 copiam,
862 1754 1044 1819 quippe
1086 1753 1134 1802 in
1162 1769 1258 1818 quo
1286 1752 1440 1802 veluti
1463 1752 1514 1799 in
1539 1750 1751 1800 taberna

243 1839 454 1905 quadam
482 1838 802 1905 amplissima,
842 1854 949 1888 cum
975 1838 1186 1888 aliarum
1212 1838 1560 1903 plerarumque
1595 1834 1750 1884 scien-

239 1912 433 1986 tiarum,
458 1929 559 1974 tum
584 1924 635 1973 in
660 1924 833 1990 primis
871 1923 1103 1974 Poeticae
1130 1939 1189 1973 ac
1226 1922 1498 1973 Oratoriae
1525 1920 1648 1969 artis
1676 1935 1749 1969 or-

238 2014 469 2061 namenta
506 2009 671 2059 omnia
709 2008 1056 2059 decentissime
1083 2008 1281 2070 digesta
1318 2006 1540 2056 invenire
1566 2005 1747 2071 possis.

385 2093 525 2156 Quae
551 2110 659 2143 cum
684 2094 757 2143 ita
776 2094 898 2144 sint:
927 2110 1080 2159 saepe
1107 2094 1277 2159 optavi
1305 2109 1366 2142 ex
1381 2092 1570 2141 nostris
1596 2090 1747 2139 homi-

238 2181 383 2231 nibus
421 2179 628 2229 inveniri
670 2178 899 2244 aliquem,
951 2179 1034 2244 qui
1073 2179 1260 2229 usitata
1310 2179 1508 2242 linguae
1546 2181 1747 2226 nostrae

237 2265 502 2332 proverbia
527 2280 634 2319 cum
661 2254 859 2329 graecis
904 2270 1052 2329 atque
1077 2265 1244 2316 latinis
1283 2264 1544 2319 conferret,
1572 2267 1620 2312 et
1660 2261 1746 2311 ali—

237 2367 332 2416 quo
347 2355 495 2415 gustu
521 2349 666 2399 huius
680 2350 839 2415 partis
861 2349 1174 2414 Philologiae
1201 2349 1436 2410 exhibito,
1463 2364 1605 2398 usum
1630 2363 1746 2411 pro-

236 2435 515 2486 verbiorum
565 2434 863 2484 ostenderet.
915 2435 981 2484 Et
1013 2435 1205 2500 quidem
1234 2435 1430 2484 memini
1481 2432 1741 2484 Nicolaum

237 2519 523 2570 Sikliosium
549 2520 727 2569 beatae
755 2520 1033 2579 memoriae,
1062 2521 1286 2585 aliosque
1324 2521 1583 2570 nonnullos
1607 2518 1740 2566 viros

241 2618 434 2666 graves,
474 2604 558 2668 qui
582 2604 679 2653 iam
719 2604 768 2653 in
807 2604 1020 2655 Domino
1060 2606 1440 2665 obdormierunt,
1479 2605 1604 2653 hanc
1629 2618 1739 2651 ean—

237 2688 346 2737 dem
384 2688 685 2752 provinciam
724 2706 906 2754 magna
933 2706 1039 2740 cum
1083 2691 1426 2756 expectatione
1466 2702 1738 2753 aggressos

233 2787 362 2822 esse.
416 2770 629 2832 Quorum
656 2774 869 2824 virorum
898 2775 941 2824 si
968 2776 1167 2825 labores
1206 2780 1445 2833 extarent,
1473 2773 1614 2822 nobis
1640 2787 1735 2820 non

229 2856 408 2906 fuisset
444 2870 650 2906 necesse
688 2873 784 2908 non
822 2859 927 2908 sine
968 2861 1135 2925 aliquo
1170 2862 1348 2911 sudore
1386 2860 1514 2908 hauc
1540 2857 1732 2922 provin-

230 2942 355 2991 ciam
393 2940 659 3006 suscipere,
710 2950 795 2993 aut
833 2949 966 2994 certe
1011 2952 1292 3011 susceptam
1331 2947 1508 2996 saltem
1545 2943 1731 2993 maiore

230 3042 337 3078 cum
362 3026 508 3079 laude
532 3027 919 3082 administraturi
949 3047 1158 3088 eramus.
