2112 3288
573 202 637 234 DE
663 200 771 233 REB.
808 199 919 232 VNG.
948 199 1012 231 DE
1025 199 1066 231 0.
1096 199 1142 231 x.
1172 199 1214 231 L.
1240 199 1308 231 111.
1527 217 1534 220 ἡ
1630 185 1694 234 57
1719 230 1722 234 ,

206 334 379 377 recens
404 317 795 367 animadversum
821 315 929 369 fuit,
951 314 1144 363 Deinde
1182 330 1322 363 nemo
1360 330 1488 364 nunc
1513 317 1559 363 in
1588 314 1700 365 aula

204 405 293 454 illa
316 401 504 453 meritis
531 401 648 462 81118,
700 399 1054 464 quantumlibet
1090 399 1393 458 illustribus,
1446 405 1615 464 sperat
1646 415 1700 448 se

203 488 356 538 ullum
380 486 614 536 honorem
643 489 1028 544 consecuturum,
1070 483 1112 532 si
1148 483 1358 548 pecunia
1398 483 1706 543 destituatur,

138 620 148 632 „
202 573 417 623 honores
443 585 611 620 omnes
638 576 687 620 01
714 570 856 631 (101111,
884 575 933 619 01
957 568 1098 631 foris,
1122 568 1274 618 0011111
1289 568 1512 618 auctione
1539 566 1706 632 aliqua

202 656 406 708 venales
447 654 637 706 Caesar
662 655 888 718 reddidit,
928 671 987 705 ac
1028 654 1156 719 quod
1194 653 1588 718 indignissimum
1615 658 1705 714 est,

202 740 533 791 eunuchorum
581 739 889 806 potissimum
937 740 1132 790 illorum
1183 754 1394 799 suorum,
1445 738 1700 788 muliercu-

201 827 458 890 larumque
483 840 650 891 opera,
702 841 761 875 ac
785 825 1045 891 pusionum
1071 824 1238 886 etiam,
1290 839 1494 889 quorum
1521 839 1704 887 greges

202 910 334 961 circa
359 926 414 961 se
441 910 542 972 alit,
567 910 715 960 nullis
729 910 934 976 perinde
949 909 1187 971 addictus,
1216 913 1364 974 atque
1381 908 1703 958 181181101111111-

203 996 436 1046 cionibus.
466 994 562 1056 Qui
586 1011 793 1060 praeses
821 994 1015 1046 consilii
1042 994 1147 1044 eius
1187 999 1277 1056 est,
1315 994 1448 1044 illius
1482 993 1700 1043 authori·

199 1085 282 1130 tas
308 1095 496 1130 summa
519 1079 824 1142 habebatur,
846 1080 944 1129 ista
971 1095 1163 1144 quoque
1188 1079 1285 1128 iam
1311 1078 1455 1144 primi
1480 1079 1575 1151 1001
1603 1078 1704 1143 dig-

199 1165 344 1224 nitaS,
372 1180 498 1230 quae
523 1170 670 1215 antea
694 1165 876 1226 virtuti,
905 1171 954 1215 et
979 1165 1165 1215 meritis
1194 1165 1419 1226 dabatur,
1445 1180 1571 1213 nunc
1596 1180 1704 1229 pre-

201 1251 270 1301 tio
310 1250 552 1310 venditur,
579 1250 703 1299 adeo
731 1251 1010 1301 alternante
1038 1255 1309 1316 emptorum
1335 1248 1624 1311 conditione,
1652 1254 1706 1300 ut

202 1351 355 1401 saepe
381 1334 466 1385 alii
505 1334 631 1384 alios
682 1334 829 1400 pretii
880 1335 1216 1399 magnitudine
1259 1350 1320 1384 ex
1361 1350 1421 1383 ea
1460 1333 1705 1383 deiiciant.

200 1419 397 1471 Nemini
425 1425 503 1470 est
526 1419 761 1484 ignotum,
789 1418 1022 1470 Sinanum
1048 1420 1176 1469 hunc
1201 1419 1708 1484 ingentipecuniano-

199 1505 402 1556 vissime
429 1521 538 1555 eum
563 1505 723 1555 locum
750 1511 1030 1568 mercatum,
1058 1506 1109 1554 in
1136 1505 1360 1569 singulos
1402 1503 1549 1554 etiam
1575 1519 1706 1554 men-

201 1606 284 1641 ses
311 1591 459 1656 quina
487 1590 643 1640 millia
669 1606 929 1641 aureorum
954 1606 1197 1640 nummum
1221 1593 1420 1654 pactum
1447 1603 1574 1638 esse.
1630 1588 1707 1638 Ibi

206 1676 316 1726 iura
340 1674 494 1737 nulla,
520 1675 618 1724 11181
644 1691 772 1740 quae
799 1676 863 1725 ab
892 1691 950 1726 eo
978 1675 1087 1726 solo
1112 1674 1394 1735 redduntur,
1431 1673 1507 1723 illi
1532 1672 1627 1722 soli
1653 1677 1702 1722 01

199 1750 358 1828 probi,
386 1765 436 1811 et
460 1760 703 1823 honorati,
731 1776 855 1826 quos
895 1776 1074 1811 census
1113 1759 1431 1821 commendat,
1484 1763 1568 1808 aut
1605 1759 1701 1807 for-

199 1851 319 1896 tuna
344 1844 522 1907 evehit,
570 1845 671 1895 illis
698 1845 836 1896 locus
861 1845 911 1895 in
940 1845 1161 1907 consilio,
1215 1844 1297 1910 qui
1325 1844 1430 1893 eius
1457 1843 1606 1903 nutui,
1660 1848 1708 1892 et

201 1930 392 1980 libidini
418 1931 718 1990 observiunt,
771 1930 843 1981 eis
881 1935 1070 1980 tantum
1108 1929 1238 1995 apud
1277 1944 1385 1978 eum
1411 1927 1708 1994 perfugium,

203 2014 460 2081 quibusvis
485 2014 681 2064 tandem
719 2014 853 2064 vitiis
893 2014 1146 2065 constricti
1183 2018 1468 2075 teneantur,
1509 2012 1592 2077 qui
1631 2028 1706 2062 co-

202 2088 300 2166 piis
340 2099 691 2161 circumfluunt,
719 2100 813 2150 soli
843 2101 1019 2166 inopes
1059 2100 1175 2150 11001
1199 2098 1387 2149 innoxii
1412 2099 1707 2164 plectuntur.

204 2183 438 2234 Militaris
465 2183 727 2250 disciplina
754 2184 835 2234 diu
862 2185 993 2251 apud
1018 2184 1131 2235 illos
1156 2183 1352 2234 illibata
1364 2183 1558 2243 mansit,
1585 2197 1712 2232 nunc

203 2284 312 2319 eam
338 2283 530 2334 quoque
555 2269 709 2319 ferme
731 2269 1250 2335 collapsamvidemus,
1277 2269 1512 2319 militibus
1539 2268 1588 2317 in
1603 2283 1710 2317 eam

201 2353 452 2420 prolapsis
466 2354 729 2419 licentiam,
743 2361 797 2405 ut
808 2356 859 2404 in
883 2355 1008 2422 ipsis
1023 2355 1183 2407 Aulae
1197 2355 1536 2421 penetralibus
1551 2369 1707 2419 prope

206 2439 296 2489 sub
323 2438 479 2489 oculis
504 2439 766 2505 ipsiusmet
803 2438 1041 2491 Caesaris
1079 2440 1260 2491 caedes
1303 2444 1580 2506 patrentur,
1631 2438 1712 2487 vel

206 2526 372 2574 eorum
395 2524 651 2590 imprimis,
679 2526 761 2591 qui
787 2526 837 2576 in
865 2542 1054 2579 summa
1078 2526 1237 2593 ipsius
1265 2541 1379 2576 esse
1405 2524 1570 2589 gratia
1596 2538 1705 2572 con-

206 2606 488 2671 spiciantur.
512 2609 624 2660 Hoc
648 2611 917 2676 Beglerbei
940 2610 1091 2675 illius,
1143 2627 1238 2676 quo
1276 2626 1418 2660 nemo
1444 2615 1559 2659 111110
1585 2605 1708 2657 an-

207 2690 309 2740 sari
333 2690 527 2743 charior
563 2694 699 2758 vixit,
751 2711 811 2746 ac
844 2696 1027 2747 aerarii
1066 2711 1260 2762 quoque
1298 2694 1538 2761 praefecti
1577 2691 1708 2741 tristi

205 2789 324 2825 casu
348 2781 461 2826 ante
485 2793 670 2842 paucos
697 2795 854 2831 annos
880 2781 1005 2831 satis
1030 2781 1124 2831 fuit
1158 2781 1473 2831 declaratum.
1527 2778 1633 2826 Iam
1660 2775 1704 2824 si

208 2865 377 2910 cetera
403 2861 573 2924 addas,
599 2869 785 2916 tantam
812 2872 1157 2930 grassatorum
1183 2880 1389 2924 manum,
1418 2862 1500 2927 qui
1526 2860 1706 2924 ubique

205 2946 547 3007 obversantur,
573 2947 995 3014 incendiariorum,
1046 2952 1128 3017 qui
1165 2951 1337 3000 urbem
1376 2963 1502 3013 pene
1539 2952 1710 3017 totam,

200 3030 282 3080 vel
308 3035 439 3080 certe
464 3030 706 3096 potiorem
728 3035 834 3098 ejus
860 3041 1051 3101 partem
1067 3033 1408 3101 superioribus
1430 3031 1571 3083 annis
1585 3031 1700 3096 igue
