2112 3288
461 183 565 239 208·
996 200 1060 242 10.
1086 205 1218 241 onon
1241 205 1441 242 mnovn

469 336 659 385 quaque
683 327 1001 386 properantes
1025 323 1075 372 in
1101 329 1262 373 castra
1278 323 1517 388 Principis
1532 339 1722 373 venere.
1748 322 1826 373 Ibi
1850 320 1929 374 de-

463 405 669 455 liberato
695 406 790 454 iam
817 412 960 456 antea
975 407 1191 469 consilio,
1217 409 1473 472 missisque
1498 409 1683 458 nunciis
1703 406 1932 474 Principi,

466 489 744 553 significant
777 506 829 539 se
857 506 1054 554 operam
1080 506 1215 540 suam
1240 492 1430 555 patriae
1455 506 1608 555 usque
1635 492 1699 540 ad
1737 491 1931 554 sangui-

467 589 575 622 nem
601 579 879 635 navaturos,
906 575 1045 624 modo
1071 573 1364 639 Principalis
1401 574 1640 624 Maiestas
1678 576 1934 641 pristinam

466 657 588 721 ipsis
613 658 888 707 libertatem
914 659 1206 708 restitueret.
1232 659 1496 708 Recusavit
1519 660 1569 708 id
1581 661 1785 724 primum
1798 659 1948 709 Prin-⁷

467 756 598 805 cepS,
627 747 673 791 et
698 742 860 791 missis
888 743 951 791 ad
977 758 1060 792 eos
1097 742 1298 803 nunciis,
1337 759 1460 791 nunc
1485 743 1639 806 minis,
1679 759 1804 793 nunc
1827 758 1934 808 pre-

471 826 607 875 cibus
634 842 662 875 a
687 827 936 891 proposito
971 842 1055 875 eos
1090 826 1336 876 deterrere
1365 830 1565 875 conatus
1592 832 1678 876 est.
1707 827 1935 890 Angeba-

464 915 541 959 tur
567 909 691 958 enim
716 909 1025 958 vehementer
1040 908 1290 974 Princeps,
1318 915 1366 958 et
1391 926 1486 972 qua
1512 911 1698 960 ratione
1724 910 1932 970 huicxrei,

469 1010 529 1042 ex
541 1010 635 1057 qua
645 999 780 1042 tanta
789 994 1023 1042 disturbia
1036 993 1217 1042 oritura
1231 993 1533 1054 videbantur,
1549 997 1838 1055 occurreret,
1853 1009 1936 1042 an-

470 1078 553 1126 xia
574 1093 735 1128 secum
762 1077 1109 1126 deliberatione
1131 1077 1457 1140 disquirebat:
1485 1093 1596 1127 nam
1622 1078 1733 1126 hinc
1756 1077 1938 1127 bellum

470 1161 809 1225 gravissimum
837 1176 941 1209 cum
970 1159 1166 1221 SinanO,
1194 1165 1241 1208 et
1266 1161 1507 1209 universis
1525 1159 1759 1210 Caesaris
1787 1160 1939 1225 copiis

467 1245 697 1306 instabat,
730 1245 863 1293 illinc
891 1244 1002 1293 odia
1014 1243 1284 1292 nobilitatis
1310 1244 1675 1306 reformidabat,
1703 1259 1841 1308 quae,
1867 1247 1940 1292 tot

407 1381 418 1390 ‚
469 1328 743 1393 privilegiis
756 1328 969 1391 priorum
977 1327 1166 1389 Regum
1181 1332 1326 1391 atque
1340 1326 1622 1392 Principum
1633 1327 1830 1392 privari,
1845 1342 1940 1376 non

466 1416 659 1477 poterat
708 1427 803 1460 non
852 1410 1151 1474 iniquissime
1200 1411 1341 1460 ferre.
1394 1411 1616 1460 Tandem
1671 1410 1940 1460 Siculorum

466 1495 749 1560 pertinacia,
787 1495 1115 1559 temporisque
1153 1496 1448 1546 necessitate
1489 1511 1674 1545 omnem
1699 1494 1941 1560 Principis

467 1582 763 1630 voluntatem
788 1580 1023 1639 vincente,
1062 1581 1232 1628 statuit
1256 1580 1306 1628 in
1323 1581 1708 1645 praesentiarum
1721 1579 1941 1629 redditae

469 1664 713 1714 libertatis
739 1663 973 1712 beneficio
1013 1678 1097 1712 eos
1125 1664 1425 1726 demulcere,
1465 1670 1695 1729 capturus
1733 1664 1944 1728 inposte-

468 1765 570 1798 rum
608 1749 858 1797 consilium
896 1764 954 1796 ex
993 1753 1223 1812 tempore,
1251 1763 1342 1812 quo
1368 1753 1466 1797 tam
1505 1748 1761 1809 nobilitati,
1800 1762 1943 1810 quam

470 1833 647 1883 Siculis
674 1834 1016 1882 consuleretur.

895 2116 1122 2169 OAPVT
1169 2115 1521 2168 OCTAVVM.

531 2240 605 2288 De
631 2239 982 2288 conditionibus
1006 2238 1243 2287 libertatis
1270 2256 1299 2286 a
1325 2235 1631 2301 Siyismimclo
1659 2236 1884 2299 Principe

985 2320 1163 2372 Siculis
1188 2320 1417 2368 redditae.

614 2419 878 2482 Postquam
902 2418 1051 2479 igitur
1077 2418 1135 2465 de
1162 2418 1390 2466 libertate
1416 2416 1663 2465 reddenda
1699 2416 1824 2464 inter
1851 2413 1942 2464 Or-

476 2504 612 2552 dines
630 2508 911 2562 conventum
927 2506 1070 2562 esset,
1099 2501 1157 2548 de
1172 2500 1526 2549 conditionibus
1547 2500 1651 2548 eius
1679 2497 1944 2568 disceptari

475 2592 696 2652 coeptum
724 2591 811 2636 est.
840 2585 991 2634 Siculi
1018 2585 1142 2634 enim
1167 2585 1275 2633 odio
1314 2584 1597 2645 nobilitatis,
1637 2598 1729 2647 quo
1766 2582 1943 2644 flagra-

473 2673 603 2732 bant,
633 2677 681 2720 et
699 2670 866 2719 taedio
893 2669 1174 2733 gravissimi
1200 2668 1399 2727 servitii,
1425 2668 1475 2716 in
1502 2667 1628 2731 quod
1665 2667 1807 2731 culpa
1844 2664 1944 2728 qui-

475 2756 581 2804 dem
620 2737 722 2816 sua,
763 2754 850 2803 sed
890 2759 937 2802 et
973 2752 1242 2801 nobilitatis
1282 2751 1462 2800 crudeli
1500 2751 1744 2800 dominatu
1768 2747 1945 2797 incide-

475 2824 597 2899 rant,
625 2838 744 2886 talia
770 2836 1095 2902 postulabant,
1123 2836 1296 2899 quibus
1323 2835 1574 2884 concessis
1599 2839 1750 2883 totum
1775 2831 1944 2881 nobili-

475 2923 591 2971 tatis
618 2922 832 2971 ordinem
868 2922 916 2968 in
954 2920 1217 2981 agrestium
1256 2920 1362 2968 iura
1399 2919 1616 2967 recidere
1653 2918 1945 2981 opporteret.

477 3003 708 3065 Tandem,
737 3020 840 3054 cum
868 3004 946 3057 diu
971 3004 1263 3066 multumque
1297 3007 1501 3065 utraque
1527 3016 1642 3066 pars
1682 3000 1947 3063 disceptas-

2042 0 2049 3 ψ
