2112 3288
566 200 630 233 DE
655 199 761 231 ΗΕΒ.
789 197 900 230 VNG.
927 196 1038 229 nne.
1056 197 1100 229 x.
1128 195 1173 226 L.
1201 194 1285 228 vn.
1536 234 1542 236 ξ
1588 178 1688 230 139
1728 247 1731 251 ¹

607 384 841 436 CAPVT
881 382 1280 434 SECVNDVM.

468 511 548 560 De
577 507 957 562 Comaromiensi
991 507 1238 557 obsidione
1262 507 1440 558 soluta.

339 632 471 682 Dum
496 623 621 681 haec
648 631 718 680 ibi
745 634 986 693 aguntur,
1007 627 1300 694 Rodolphus
1316 629 1593 695 Imperator
1619 647 1699 681 ve-

194 717 335 779 ritus,
359 732 436 779 ne,
466 716 509 766 si
534 731 676 780 opem
701 715 1046 764 laborantibus
1075 714 1254 764 afferre
1293 719 1604 765 cunctaretur
1643 714 1696 777 ¹),

195 802 442 853 Iaurinum
468 802 518 851 in
550 805 846 866 potestatem
883 799 1097 850 hostium
1136 790 1447 863 redigeretur
1482 797 1544 865 ²):
1586 817 1696 850 con-

193 889 396 949 tractas,
424 891 635 951 quantas
661 885 820 951 potuit
846 885 1101 939 maximas,
1130 900 1192 934 ex
1218 884 1474 946 Bohemia‚
1492 884 1698 935 Austria

195 977 247 1022 et
273 967 480 1032 Silesia,
520 970 799 1034 ceterisque
825 969 1043 1018 finitimis
1072 967 1373 1019 Germaniae
1408 971 1695 1034 regionibus

194 1055 364 1122 copias
390 1055 613 1105 subsidio
641 1054 885 1104 Matthiae
911 1054 1056 1104 fratri
1084 1069 1228 1118 quam
1268 1054 1522 1104 celerrime
1549 1055 1696 1105 misit.

194 1141 296 1193 Sed
320 1146 579 1205 antequam
607 1139 778 1202 copiae
803 1137 922 1187 illae
941 1134 975 1203 ⁶)
1003 1138 1065 1187 ad
1091 1138 1352 1188 Matthiam
1365 1139 1695 1204 pervenirent,

192 1227 291 1277 iam
324 1223 553 1276 Sinanus
604 1229 748 1289 capto
801 1209 1001 1274 laurin'o
1054 1221 1316 1292 Comarom
1350 1220 1387 1289 ⁴¹)
1415 1225 1695 1274 obsederat.

195 1310 465 1373 Quominus
506 1314 669 1359 autem
704 1308 828 1358 illud
865 1307 1066 1372 ceperit,
1119 1307 1213 1357 hoc
1257 1307 1302 1356 ei
1341 1309 1623 1373 cumprimis
1654 1308 1693 1370 ⁵)

192 1395 539 1462 impedimento
588 1393 745 1443 fuisse
803 1396 1104 1457 compertum
1155 1396 1245 1453 est,
1291 1392 1424 1457 quod
1476 1394 1694 1456 Tartari,

195 1486 339 1547 capto
388 1480 556 1530 statim
580 1473 795 1540 Iaurino,
847 1494 910 1528 ex
960 1477 1065 1527 eius
1119 1477 1298 1527 castris
1362 1478 1698 1540 discesserint,

194 1566 501 1628 reditumque
528 1564 580 1612 in
605 1564 819 1628 patriam
831 1562 1136 1628 paraverint.
1153 1562 1383 1623 Proinde,
1400 1564 1624 1627 quamvis
1659 1561 1694 1629 ⁶)

192 1666 248 1701 se
285 1650 357 1700 ita
392 1649 444 1698 in
483 1647 739 1697 obsidione
780 1646 1171 1697 Comaromiensi
1209 1664 1240 1696 a
1267 1648 1499 1697 Tartaris
1527 1649 1692 1699 deser-

191 1741 292 1787 tum
327 1733 543 1783 videret:
597 1731 880 1782 tentandam
919 1736 1083 1782 tamen
1122 1732 1228 1781 eius
1275 1734 1691 1798 oppugnationem

191 1826 343 1881 ratum
370 1822 580 1885 quatuor
606 1817 802 1867 circiter
827 1817 984 1866 millia
1008 1814 1048 1878 .⁷)
1077 1817 1290 1882 equitum
1313 1834 1375 1867 ex
1401 1821 1530 1868 omni
1557 1835 1695 1869 exer-

192 1908 290 1957 citu
316 1905 500 1970 seligit,
542 1919 727 1968 eosque
764 1903 815 1952 in
848 1903 1082 1952 finitimas
1119 1903 1402 1968 provincias
1429 1904 1693 1970 depopula-

190 1996 294 2043 tum
318 1990 480 2050 mittit,
499 1989 594 2039 hoc
619 1988 729 2050 fine,
756 1993 810 2037 ut
836 1985 1229 2049 Christianos‚in
1257 1988 1577 2038 defendendis
1591 1990 1694 2039 fini-

190 2078 285 2128 bus
310 2075 414 2126 suis
442 2078 721 2139 occupatos,
750 2074 814 2122 ab
841 2073 1027 2122 auxilio
1054 2073 1277 2122 obsessis
1316 2073 1520 2124 ferendo
1560 2091 1693 2125 arce-

195 2167 284 2212 ret.
310 2159 527 2211 Barbari
552 2158 784 2208 mandata
811 2157 983 2208 Sinani
1021 2158 1252 2208 celeriter
1291 2159 1470 2223 exequi
1497 2161 1692 2226 cupien-

191 2253 283 2308 tes,
309 2247 360 2295 in
383 2245 627 2294 hosticum
652 2241 891 2308 ⁸),magno
932 2259 1039 2293 cum
1076 2243 1261 2308 impetu
1288 2243 1467 2294 ducunt
1490 2241 1540 2309 ⁹),
1569 2250 1618 2294 et
1642 2246 1692 2295 in

156 2361 157 2364 =
191 2312 400 2382 insidias
416 2334 698 2380 nostrorum
724 2328 855 2378 illati
881 2343 1049 2378 omnes
1074 2328 1182 2377 fere
1211 2329 1493 2391 caeduntur,
1519 2330 1691 2395 paucis

201 2415 401 2480 elapsis,
428 2414 511 2479 qui
536 2413 762 2466 nuncium
792 2413 898 2462 eius
923 2414 997 2463 rei
1022 2413 1073 2462 in
1100 2418 1267 2463 castra
1292 2413 1507 2464 hostium
1534 2414 1693 2464 defer-

305 2574 311 2580 ·
343 2555 367 2603 ¹)
388 2556 472 2592 Kov.
489 2569 501 2590 .·
519 2560 720 2592 cunctetur

339 2619 363 2638 ²*
384 2617 474 2652 Kov.
495 2628 507 2650 .-
532 2615 733 2664 redigatur

340 2677 366 2723 8)
388 2678 472 2712 Kov.
491 2692 502 2711 :
527 2677 618 2713 illae
639 2678 772 2724 copiae

339 2736 366 2783 ⁴)
393 2739 478 2773 Kov.
500 2751 512 2772 .·
536 2737 822 2775 Comaromium

338 2797 366 2843 ⁵)
383 2799 471 2834 Kov.
494 2812 505 2832 .-
522 2799 703 2846 imprimis

341 2858 370 2904 ⁸)
385 2860 472 2894 Kov.
497 2872 507 2892 .·
524 2870 608 2895 cum

340 2918 367 2959 ')
387 2920 472 2954 Kov.
492 2929 500 2952 :
521 2922 682 2966 quatuor
699 2921 819 2958 millia

339 2978 368 3025 ⁸)
388 2979 447 3015 Az
472 2984 632 3025 eqyetemi
653 2981 726 3015 cool-
745 2980 906 3019 hibasan
923 2993 931 3014 :
952 2983 1062 3019 hoste
1080 2987 1159 3019 tam

340 3039 366 3083 ⁹)
381 3040 412 3075 E
428 3040 488 3075 szo
507 3039 647 3086 helyen
667 3053 713 3077 az
728 3043 894 3090 ,eqyetemi
910 3044 1077 3077 eodm-ben
1103 3041 1228 3091 he'zag
1263 3053 1348 3079 van.
