2112 3288
475 184 578 233 260
983 201 1047 234 10.
1076 200 1209 234 meon
1235 201 1431 234 BAnovn

472 313 584 362 dato
612 331 807 378 pugnae
835 316 976 378 signo
1005 322 1202 366 strenue
1229 317 1279 365 in
1304 331 1468 365 muros
1493 316 1696 377 irruunt,
1724 322 1772 366 et
1785 316 1962 366 mutuis

471 397 888 447 cohortationibus
903 414 1015 447 sese
1030 400 1356 449 accendentes
1383 399 1515 448 edita
1540 414 1638 448 non
1662 416 1820 464 parva
1845 400 1959 449 hos·

467 480 586 529 tium
625 485 794 544 strage
833 482 897 530 ad
934 482 1102 531 ruinas
1141 498 1296 546 usque
1328 487 1661 547 prorumpunt.
1706 483 1964 534 Resistunt

468 564 948 626 urbani-fortissime,
989 572 1036 615 et
1073 567 1215 616 modo
1242 567 1498 616 tormentis
1524 567 1575 615 in
1599 572 1798 618 nostros
1827 559 1960 618 deto-

470 653 602 707 nant,
646 649 787 698 modo
831 650 1078 714 lapidibus
1117 651 1267 700 muris
1312 652 1634 700 succedentes
1678 653 1963 715 vulnerant3

471 746 589 796 pars
616 732 795 794 gladiis
824 734 1040 783 cominus
1068 734 1367 784 desaeviunt.
1395 736 1568 786 Nostri
1594 735 1730 785 initio
1756 736 1906 799 fugae
1934 751 1965 791 a

473 813 644 863 Marco
669 816 862 865 Horvat
901 833 960 866 ac
1009 818 1188 867 ceteris
1215 818 1477 868 Rascianis
1525 821 1754 883 (quorum
1779 834 1967 869 summa

470 900 519 947 in
546 915 603 948 eo
630 901 759 949 bello
787 901 1015 964 apparuit
1030 901 1300 950 desultoria
1314 902 1518 962 levitas)
1533 904 1678 964 fact0,
1703 907 1964 967 postquam

470 984 637 1032 vident
662 982 847 1032 nullam
874 984 1214 1034 laborantibus
1254 1001 1396 1050 opem
1435 988 1614 1047 afferri,
1652 993 1796 1050 terga
1833 987 1965 1047 dant,

471 1072 521 1116 et
546 1067 742 1115 amissis
769 1068 1102 1131 compluribus
1128 1083 1325 1118 suorum
1349 1069 1401 1116 in
1425 1068 1596 1117 vineas
1623 1084 1677 1118 se
1703 1070 1959 1134 recipiunt.

470 1152 671 1200 Periere
697 1152 746 1200 in
774 1167 830 1200 eo
857 1152 1050 1216 praelio
1077 1169 1183 1201 cum
1210 1153 1295 1201 alii
1334 1153 1609 1217 complures
1636 1154 1859 1202 veterani
1883 1154 1968 1202 mi-

468 1236 597 1284 lites.
623 1241 723 1284 tum
737 1235 884 1288 etiam
900 1234 1283 1300 Subpraefectus
1300 1235 1570 1297 Scotorum,
1599 1237 1680 1300 qui
1706 1237 1961 1300 egregiam

468 1319 518 1366 in
543 1318 782 1382 Lippensi
825 1318 1080 1368 obsidione
1120 1333 1320 1383 operam
1346 1319 1679 1383 praestiterat,
1731 1324 1780 1368 et
1814 1320 1866 1368 in
1907 1309 1971 1369 eo⁴

467 1401 578 1465 ipso
606 1417 798 1466 quoque
825 1403 1015 1465 praelio
1043 1419 1226 1451 memor
1267 1403 1431 1466 gentis
1460 1418 1592 1463 suae,
1631 1403 1967 1467 pristinaeque

467 1484 680 1545 virtutis,
706 1484 836 1532 intra
874 1485 1166 1533 munitiones
1204 1500 1543 1549 prorumpens,
1585 1485 1836 1548 singulare
1874 1487 1969 1534 vir-

470 1567 587 1615 tutis
628 1566 875 1630 specimen
904 1567 1137 1615 ediderat.
1190 1566 1346 1615 Periit
1377 1567 1558 1616 ibidem
1585 1567 1762 1616 Petrus
1788 1567 1967 1617 Barra-

471 1651 654 1710 basius,
681 1651 899 1714 peditum
925 1651 1207 1700 Rubeorum
1233 1652 1282 1699 in
1309 1652 1427 1700 sede
1443 1652 1741 1701 Marosiensi
1767 1653 1863 1701 dux
1884 1667 1966 1717 pe-

470 1734 748 1793 ritissimUS,
788 1734 869 1797 qui
896 1734 1007 1783 dum
1035 1735 1205 1783 stricto
1233 1735 1397 1795 gladio
1424 1735 1604 1784 milites
1631 1737 1733 1784 alta
1754 1751 1874 1785 voce
1901 1735 1964 1784 ad

471 1817 833 1882 irrumpendum
859 1818 1149 1881 fortiterque
1163 1819 1478 1882 pugnandum
1494 1819 1790 1879 cohortatur,
1812 1819 1963 1882 globo

469 1902 697 1966 plumbeo
726 1900 905 1948 circum
930 1901 1222 1964 praecordia
1245 1906 1528 1950 transactus
1544 1901 1706 1950 subito
1722 1901 1959 1951 occubuit:

469 1985 544 2032 vir
571 1988 704 2033 certe
729 1988 829 2032 tam
868 1984 1067 2047 pietate,
1107 1999 1252 2047 quam
1278 1985 1350 2032 rei
1387 1985 1615 2046 militaris
1655 1984 1862 2033 scientia
1899 1985 1963 2033 ad

468 2084 655 2118 omnem
682 2068 1022 2132 posteritatem
1047 2068 1393 2117 memorabilis.
1447 2067 1641 2132 Corpus
1667 2073 1831 2117 tamen
1857 2067 1961 2117 eius

469 2152 648 2215 raptim
675 2167 736 2200 ex
762 2151 916 2199 ruinis
942 2140 1166 2213 relatum,
1195 2167 1253 2200 ac
1265 2152 1466 2200 militari
1491 2166 1625 2200 more
1651 2155 1816 2200 terrae
1830 2167 1960 2200 man-

468 2235 634 2284 datum
658 2235 761 2283 fuit.
791 2235 929 2294 Quae
958 2235 1069 2284 dum
1094 2241 1352 2298 geruntur:
1397 2251 1511 2284 ecce
1546 2250 1719 2284 rursus
1758 2234 1960 2284 Tartari

468 2320 678 2375 affuere3
725 2324 773 2366 et
800 2319 977 2366 castris
1014 2319 1237 2382 proxime
1275 2318 1630 2382 adequitantes,
1668 2317 1884 2366 immisso
1910 2317 1960 2366 in

466 2407 663 2451 nostros
697 2402 988 2464 sagittarum
1026 2403 1204 2462 nimbo,
1241 2402 1518 2466 pudendum
1554 2402 1605 2449 in
1643 2401 1833 2450 modum
1873 2416 1960 2451 eos

466 2486 532 2534 ad
555 2501 691 2534 arma
715 2500 1063 2549 provocavere.
1115 2486 1192 2533 Ea
1216 2501 1270 2534 re
1308 2486 1418 2534 visa
1432 2485 1695 2549 Princeps,
1736 2485 1959 2549 quamvis

471 2569 618 2617 etiam
641 2574 742 2617 tum
768 2558 1118 2632 a'primoribus
1145 2568 1502 2632 prohiberetur,
1531 2569 1786 2632 quominus
1813 2583 1953 2634 erup-

465 2646 644 2701 tionem
681 2652 732 2700 in
760 2653 1002 2700 Tartaros
1053 2652 1160 2699 fieri
1198 2652 1518 2716 permitteret,
1557 2657 1723 2701 tamen
1748 2652 1957 2715 indigni-

462 2741 565 2785 tate
590 2736 664 2785 rei
689 2741 861 2795 motus,
887 2735 1156 2799 increpatis
1174 2735 1439 2784 Procerum
1464 2735 1710 2785 nonnullis
1726 2736 1790 2784 ad
1815 2751 1954 2784 arma

466 2820 762 2881 conclamat,
809 2819 1093 2882 eductisque
1132 2819 1386 2867 confestim
1426 2819 1671 2882 equitibus
1709 2833 1736 2866 e
1773 2817 1956 2866 castris

467 2904 686 2967 erumpit.
739 2903 940 2952 Tartari
977 2902 1069 2951 hac
1114 2918 1166 2951 re
1193 2917 1288 2950 non
1314 2901 1510 2951 multum
1539 2901 1697 2951 territi
1721 2901 1957 2965 paulatim

467 2987 668 3047 cedere,
729 2991 1052 3050 consertaque
1101 2986 1364 3034 identidem
1416 3001 1559 3034 manu
1598 2990 1794 3033 nostros
1832 2982 1958 3033 inse·
