2112 3288
417 212 520 266 302
948 225 1013 260 10.
1041 226 1175 261 nEcn
1199 223 1396 263 BARovn

871 435 1102 485 CAPVT
1140 436 1478 488 DECIMVM.

522 545 597 592 De
625 543 942 592 valedictoria
970 543 1219 605 Principis
1245 544 1311 592 ad
1342 543 1545 593 Ordines
1571 537 1797 596 oratione.

556 675 815 724 Prodierat
829 673 987 723 triduo
1003 661 1118 722 ante
1133 673 1684 736 cumLegatisCaesaris
1697 677 1906 742 ipsemet

415 773 606 822 quoque
633 757 871 820 Princeps
897 756 946 804 in
973 756 1187 805 exterius
1208 756 1464 817 Palatium,
1490 759 1574 807 ubi
1588 757 1797 809 Comitia
1821 760 1907 812 ha·

413 842 669 904 bebantur,
696 841 874 905 partim
904 839 1103 888 honoris
1130 855 1295 900 causa,
1333 841 1513 904 partim
1558 858 1674 892 vero
1701 849 1754 892 ut
1778 844 1906 893 iura·

415 930 576 975 mento
604 926 667 974 ab
692 924 753 973 iis
768 928 969 989 peracto
988 922 1256 972 Ordinibus
1277 923 1438 987 Regni
1454 926 1767 988 valediceret,
1795 942 1905 976 cau-

413 1023 595 1071 sasque
622 1008 697 1057 sui
733 1007 982 1055 discessus
1024 1007 1318 1055 ostenderet.
1372 1005 1471 1055 Sed
1507 1008 1697 1071 ingenti
1736 1009 1906 1060 dolore

412 1090 560 1139 animi
596 1089 1005 1151 manantibusque
1037 1103 1158 1151 prae
1185 1088 1510 1137 sollicitudine
1548 1091 1780 1156 lacrymis
1815 1093 1915 1150 ime

414 1171 621 1236 peditus,
650 1170 905 1236 respondit
929 1170 978 1218 in
1006 1170 1140 1219 aliud
1167 1186 1221 1219 se
1247 1176 1437 1236 tempus
1465 1186 1740 1223 sermonem
1767 1189 1906 1225 suum
1964 1169 1966 1172 ’

416 1256 678 1305 dilaturum
718 1269 844 1303 esse.
884 1253 993 1313 Qua
1032 1254 1370 1317 expectatione
1396 1256 1555 1305 triduo
1591 1258 1776 1322 elaps0‚
1802 1264 1903 1308 tan-

416 1340 525 1389 dem
558 1339 622 1388 X.
662 1337 853 1401 Aprilis
892 1337 1084 1401 prodiit,
1125 1342 1174 1386 et
1210 1337 1261 1385 in
1301 1338 1697 1402 frequentissima
1723 1339 1906 1390 Caesa-

417 1437 611 1472 reorum
625 1421 938 1483 Legatorum,
955 1418 1376 1481 Consiliariorum,
1394 1422 1596 1471 aliorum
1612 1422 1774 1484 Regni
1786 1423 1905 1474 Pro-

419 1520 581 1554 cerum
606 1509 752 1567 atque
770 1502 1008 1552 Ordinum
1036 1503 1244 1552 omnium
1272 1519 1477 1553 corona:
1507 1505 1808 1566 Meminisse,
1837 1507 1906 1556 in-

420 1589 522 1652 quit
548 1587 779 1652 potestis,
809 1598 955 1651 quam
993 1586 1233 1636 benevole
1260 1593 1308 1637 et
1334 1594 1554 1638 amanter
1591 1606 1674 1649 me,
1693 1591 1756 1639 ab
1782 1590 1905 1655 ipsis

418 1686 542 1735 pene
591 1670 774 1719 teneris
823 1669 1097 1732 unguiculis
1149 1675 1349 1734 praeter
1393 1688 1550 1721 meum
1599 1674 1819 1723 meritum
1856 1675 1907 1724 in

419 1754 701 1817 Principem
725 1753 867 1801 vobis
895 1753 1160 1815 elegeritis.
1191 1752 1297 1812 Quo
1323 1754 1374 1802 in
1400 1770 1626 1819 supremo
1653 1757 1906 1820 dignitatis

418 1837 636 1900 fastigiO,
688 1852 747 1884 ea
785 1850 877 1898 ego
918 1850 1108 1899 quoque
1148 1835 1242 1884 fide
1277 1844 1506 1889 versatus
1553 1854 1671 1901 sum,
1722 1846 1774 1890 ut
1799 1856 1905 1892 meo

418 1919 596 1970 iudicio
625 1918 744 1967 nihil
768 1918 880 1966 inde
906 1933 1060 1981 usque
1088 1919 1149 1967 ab
1164 1919 1301 1967 initio
1322 1922 1749 1984 praetermiserim,
1777 1924 1908 1988 quod

420 2003 613 2067 quidem
641 2002 704 2051 ad
712 2001 925 2064 gloriam
945 2001 1151 2050 nominis
1166 2002 1348 2063 Divini,
1363 2004 1702 2069 publicamque
1715 2006 1906 2070 patriae

419 2087 626 2135 salutem
662 2085 826 2133 facere
868 2084 1128 2133 videretur.
1178 2085 1288 2134 Hoc
1323 2101 1440 2134 vero
1479 2101 1572 2150 quo
1611 2089 1906 2139 commodius

416 2169 644 2228 facerem,
672 2167 906 2230 religioso
933 2184 1008 2216 me
1033 2168 1301 2217 iuramento
1327 2170 1496 2233 paucis
1524 2157 1636 2219 ante
1664 2172 1804 2221 annis
1843 2172 1907 2222 ad

418 2251 511 2300 hoc
539 2251 791 2311 adstrinxi,
838 2250 967 2313 quod
1004 2265 1097 2313 ego
1131 2252 1262 2300 nullo
1290 2267 1501 2315 unquam
1528 2259 1641 2317 post
1666 2254 1759 2303 hoc
1785 2259 1905 2304 tem-

419 2349 552 2398 pore,
580 2334 682 2382 ulla
707 2334 896 2383 ratione
922 2334 1162 2382 Barbaris
1201 2335 1539 2384 confoederari
1582 2337 1741 2385 velim.
1794 2338 1906 2387 Non

418 2432 494 2465 me
523 2416 715 2479 quidem
739 2417 874 2476 latet,
906 2417 1083 2464 multas
1122 2431 1233 2465 esse
1265 2423 1313 2466 et
1337 2418 1566 2480 regiones
1599 2424 1647 2467 et
1683 2420 1906 2487 nationes

419 2495 569 2563 (quod
596 2498 788 2562 quidem
804 2513 935 2562 'pace
962 2514 1126 2547 earum
1147 2500 1323 2548 dictum
1340 2501 1500 2562 velim,
1528 2503 1765 2552 neminem
1780 2504 1905 2553 enim
1946 2550 1949 2551 γ

420 2580 701 2648 nominatim
726 2577 1040 2645 perstringo),
1079 2581 1257 2630 multas
1294 2583 1489 2645 inquam
1528 2599 1639 2634 esse
1667 2586 1904 2647 nationes,

421 2680 545 2729 quae
571 2665 698 2713 inter
724 2663 843 2712 duos
869 2663 1237 2728 potentissimos
1278 2666 1411 2714 orbis
1437 2671 1676 2716 terrarum
1717 2684 1904 2719 monar-

421 2748 540 2796 chas
565 2735 724 2796 media
749 2746 952 2795 consilia
979 2761 1090 2795 esse
1125 2748 1372 2810 sequenda
1399 2756 1642 2812 censeant,
1685 2757 1733 2800 et
1756 2753 1903 2816 perti-

420 2823 609 2879 naciter
635 2834 865 2879 statuant.
896 2828 963 2878 At
989 2830 1233 2879 enimvero
1261 2838 1436 2881 norunt
1461 2848 1639 2895 omnes,
1668 2835 1749 2897 qui
1763 2833 1903 2883 Prin-

422 2914 633 2978 cipatum
660 2918 744 2962 aut
769 2918 1043 2976 gesserunt,
1084 2920 1166 2962 aut
1201 2930 1315 2962 vero
1354 2922 1543 2978 gerunt,
1584 2922 1632 2984 et
1664 2932 1756 2980 ego
1795 2917 1903 2981 ipse

421 2997 571 3046 multa
594 2997 691 3045 iam
718 2996 1020 3060 experientia
1045 2996 1244 3045 edoctus
1271 2999 1456 3060 loquor,
1483 3015 1725 3062 nunquam
1746 3000 1906 3049 media
