2112 3288
501 163 604 215 204
1038 178 1102 211 io.
1131 178 1261 212 onon
1286 178 1482 212 BARovrr

498 312 605 348 nem
631 295 849 345 aTurcis
876 296 1125 358 defecisse,
1163 300 1364 359 ortaque
1390 295 1633 345 simultate
1659 295 1721 344 ab
1738 294 1952 359 Vngaris

499 381 563 430 ad
586 380 859 445 Principem
887 381 1336 445 Transylvanorum
1364 394 1474 428 esse
1517 380 1728 429 missum.
1769 378 1966 430 Succes-

499 465 564 514 sit
587 465 631 513 ei
657 465 849 528 quidem
886 470 1059 528 postea
1095 465 1278 528 pariter
1316 464 1533 528 proditor
1570 464 1758 512 nomine
1799 463 1967 514 Patrio

498 547 788 612 Stephanus,
817 549 1023 597 Turcico
1049 548 1338 607 RezmanuS‚
1367 548 1446 613 qui
1473 563 1578 597 cum
1602 547 1788 597 viribus
1803 547 1961 598 Tran-

497 633 806 698 sylvanorum
834 632 1074 696 coepisset
1105 631 1289 680 vicinas
1318 631 1523 680 ditiones
1558 632 1828 681 Turcarum
1866 633 1965 693 Im*-

497 717 735 781 peratoris
765 716 1013 777 infestare,
1040 715 1238 779 scripsit
1261 715 1323 763 ad
1347 731 1422 763 me
1446 715 1645 763 fratrem
1678 729 1814 764 suum
1847 713 1969 765 an-

498 815 594 849 sar.
622 806 673 849 ut
700 800 1045 864 quamprimum
1059 799 1107 847 in
1118 799 1415 847 Moldaviam
1429 799 1699 862 irrumpens
1717 798 1967 863 perfidiam

499 901 661 935 eorum
695 885 904 949 puniam,
944 883 1323 947 provinciaeque
1347 897 1523 931 novum
1549 897 1606 931 ac
1626 883 1968 947 obsequentem

499 969 773 1018 Palatinum
797 967 1089 1031 praeficiam.
1138 967 1246 1015 Hoc
1270 967 1319 1014 in
1344 967 1583 1016 mandatis
1610 968 1820 1016 habens:
1858 968 1969 1030 Ego

497 1053 661 1116 magni
685 1051 894 1107 Domini,
939 1066 1146 1113 magnae
1183 1049 1347 1099 Ordae
1383 1066 1587 1113 magnus
1626 1049 1779 1099 Cham
1817 1050 1969 1100 Kazi-

497 1136 637 1197 kirei‚
687 1151 793 1183 cum
840 1135 998 1182 fratre
1035 1149 1139 1182 meo
1190 1134 1224 1183 J
1228 1133 1427 1181 ezikirei
1473 1131 1652 1197 Gralga,
1699 1135 1999 1199 ceterisque*

495 1219 727 1268 fratribus
754 1217 877 1266 meis
905 1222 952 1265 et
978 1217 1290 1277 consiliariis,
1319 1216 1533 1277 ducibus,
1562 1223 1609 1266 et
1623 1217 1806 1267 Murzis
1831 1217 1970 1267 belli-

497 1302 624 1352 cosis
674 1317 731 1350 ac
757 1301 1092 1363 magnanimiS‚
1121 1316 1245 1363 equo
1275 1316 1380 1349 meo
1420 1316 1695 1362 conscenSO‚
1733 1317 1829 1351 una
1867 1316 1968 1350 cum

497 1387 713 1436 exercitu
738 1401 843 1434 meo
871 1386 1087 1434 venimus
1113 1386 1162 1433 in
1189 1384 1488 1435 Moldaviam
1526 1387 1588 1435 ad
1615 1385 1751 1437 Pruti
1780 1387 1969 1448 flumen,

495 1472 578 1521 ubi
604 1486 709 1520 cum
736 1471 835 1520 alio
860 1469 1055 1519 flumine
1082 1468 1271 1520 Cocora
1297 1471 1424 1520 dicto
1463 1472 1688 1535 iungitur.
1727 1471 1822 1521 Hic
1858 1471 1973 1521 inci-

497 1556 651 1604 dimus
687 1556 736 1603 in
773 1553 965 1602 fidelem
1009 1559 1140 1602 tuum
1178 1555 1465 1604 servitorem
1513 1556 1713 1604 fratrem
1757 1561 1972 1605 nostrum

496 1638 882 1689 Cancellarium:
923 1637 1003 1701 qui
1041 1638 1186 1686 etiam
1225 1638 1370 1702 paulo
1409 1640 1543 1702 prius
1597 1654 1738 1703 quam
1789 1654 1877 1689 nos
1923 1641 1972 1688 in

500 1722 795 1772 Moldaviam
821 1725 1035 1769 venerat.
1067 1719 1187 1769 Cum
1225 1736 1317 1785 quo
1357 1726 1467 1785 post
1502 1722 1657 1770 levem
1696 1722 1974 1772 altercatio-

495 1823 603 1856 nem
627 1806 710 1854 ubi
737 1805 892 1854 lenius
919 1821 1068 1868 agere
1095 1805 1246 1869 coepi,
1270 1795 1572 1868 significavit
1608 1803 1735 1867 mihi,
1775 1820 1829 1854 se
1861 1806 1969 1855 ideo

494 1892 543 1940 in
568 1890 812 1941 Valachia
837 1889 1045 1948 versari,
1072 1893 1123 1938 ut
1148 1905 1208 1938 ex
1248 1889 1442 1952 antiquo
1470 1888 1704 1938 Poloniae
1741 1888 1846 1938 iure
1882 1888 1974 1938 Pa-

493 1974 693 2024 latinum
718 1973 958 2033 restituat,
998 1973 1130 2021 nullo
1169 1972 1466 2037 praeiudicio
1502 1972 1632 2021 facto
1672 1972 1731 2020 de
1768 1971 1973 2029 foederi-

494 2060 588 2107 bus
617 2073 741 2121 quae
770 2072 875 2105 cum
899 2058 1203 2120 Imperatore
1231 2056 1497 2106 Turcarum
1523 2056 1774 2105 habentur,
1801 2055 1975 2119 Itaque

497 2155 672 2204 cupere
700 2155 766 2200 se,
793 2144 845 2188 ut
871 2139 1162 2200 HieremiaS,
1191 2155 1330 2203 quem
1365 2141 1460 2189 iam
1487 2139 1761 2188 Palatinum
1801 2139 1975 2189 consti-

496 2224 683 2284 tuisset,
723 2224 767 2272 ei
806 2224 1089 2288 provinciae
1138 2229 1412 2288 praeesset,
1464 2224 1770 2286 amicitiaque
1819 2228 1971 2284 vetus,

498 2307 656 2371 qualis
695 2308 784 2354 sub
813 2306 1023 2355 Zultano
1051 2306 1346 2371 Solymanno
1376 2305 1656 2370 Chamoque
1698 2306 1975 2355 Danulesk-

497 2391 648 2454 gerdo
676 2394 822 2454 pacta
847 2391 954 2439 fuit.
982 2391 1190 2439 fideliter
1217 2396 1452 2439 servetur.
1480 2390 1620 2450 Quod
1646 2405 1751 2438 cum
1777 2405 1869 2453 ego
1884 2405 1972 2453 pro

496 2488 603 2521 mea
650 2477 788 2536 parte
834 2488 909 2520 me
947 2473 1182 2522 facturum
1219 2473 1481 2533 iurassem,
1520 2473 1699 2536 illeque
1738 2473 1974 2533 similiter,

495 2556 619 2621 idem
645 2573 675 2604 a
693 2556 813 2616 suiS,'
835 2571 960 2618 quos
989 2557 1051 2604 ad
1080 2572 1155 2604 me
1171 2557 1372 2605 miserat
1395 2557 1557 2606 iurare
1582 2558 1794 2618 fecisset,
1813 2557 1975 2606 decre·
2021 2545 2028 2551 ³

494 2640 649 2688 vimus
676 2639 829 2700 simul,
867 2643 919 2687 ut
956 2640 1149 2688 Kozaci
1188 2646 1322 2689 trans
1350 2641 1577 2689 Nestrum
1615 2641 1807 2704 penitus
1846 2641 1973 2690 dele·

495 2729 659 2784 antur,'
677 2739 734 2772 ac
760 2723 897 2784 dona,
925 2740 1048 2787 quae
1076 2725 1188 2772 olim
1213 2724 1307 2773 iam
1333 2725 1444 2772 inde
1471 2742 1500 2773 a
1529 2723 1827 2788 Solymanno
1854 2724 1976 2773 mitti

491 2808 631 2856 nobis
681 2808 823 2856 solita
873 2813 994 2869 sunt,
1034 2809 1292 2871 quotannis
1332 2808 1613 2868 reddantur,
1656 2808 1884 2871 nullaque
1922 2808 1971 2856 in

492 2895 737 2953 posterum
779 2891 952 2939 damna
989 2891 1171 2940 nostris
1234 2891 1494 2940 ditionibus
1545 2891 1826 2940 inferantur.
1875 2890 1969 2939 His

492 2974 842 3025 conditionibus
879 2975 1102 3024 consensi
1141 2979 1188 3023 et
1242 2975 1365 3036 EgO,
1402 2982 1454 3023 ut
1492 2991 1550 3023 ex
1587 2975 1836 3024 voluntate
1862 2973 1971 3023 Tua
