2112 3288
427 169 525 218 106
959 183 1024 217 10.
1053 183 1186 216 Dsscn
1210 183 1408 219 BARovn

422 300 670 365 praesenti
699 304 880 358 essent,
919 299 1272 360 instructiores,
1311 303 1592 366 propediem
1633 309 1770 354 certa
1808 320 1915 354 cum

423 399 510 448 spe
537 382 744 433 subsidii
770 386 1130 447 exspectarent.
1168 384 1246 432 Ita
1283 385 1514 447 oppidani
1552 388 1737 450 perfide
1764 390 1827 438 ab
1853 388 1916 436 iis

423 467 620 527 deserti,
647 466 853 529 ratique,
879 481 1184 530 nequaquam
1212 467 1406 516 Turcas
1443 468 1537 517 hoc
1574 470 1768 534 impune
1795 473 1918 523 latu-

422 564 521 610 roS,
547 550 657 614 ipsa
681 549 979 598 necessitate
1005 553 1226 611 cogente,
1267 566 1403 600 arma
1442 552 1653 615 capiunt,
1694 559 1742 603 et
1783 555 1919 620 oppi-

423 633 535 682 dum
560 633 685 682 tueri
712 637 946 683 statuunt.
973 633 1032 682 Id
1056 633 1141 682 ubi
1155 633 1367 682 Barbari
1390 643 1738 698 cognoverunt,
1766 639 1922 704 copiis

424 717 587 770 statim
613 716 810 777 coactis,
838 715 958 766 duce
983 716 1145 765 Bassa
1182 717 1598 780 Temesvariensi,
1637 726 1911 782 accurrunt,

427 818 569 867 quem
595 799 670 848 illi
695 799 852 864 primo
891 798 1057 847 statim
1090 799 1272 862 impetu
1308 800 1530 863 fundunt,
1561 806 1707 865 atque
1733 804 1922 867 fugant,

424 886 673 947 filiumque
699 883 804 931 eius
830 882 927 930 iam
953 882 1186 945 puberem
1211 882 1262 929 in
1287 882 1407 945 fuga
1431 883 1743 934 interficiunt.

567 967 662 1017 His
689 966 919 1031 oppidani
947 966 1258 1015 successibus
1284 967 1444 1029 magis
1471 971 1618 1031 atque
1658 970 1818 1032 magis
1851 970 1922 1019 in-

425 1051 548 1111 flari,
577 1055 626 1099 et
650 1050 811 1099 omnia
834 1049 1055 1112 pericula
1079 1048 1131 1096 in
1158 1048 1262 1098 dies
1287 1054 1609 1100 contemnere.
1624 1053 1790 1101 Bassa
1804 1068 1922 1102 vero

424 1134 620 1183 amissis
647 1148 753 1182 cum
779 1132 879 1181 filio
907 1132 1076 1196 copiis,
1104 1132 1511 1182 Temesvarinum
1548 1136 1825 1198 revertitur,
1865 1152 1925 1185 ac

426 1216 698 1283 coniunctis
727 1231 832 1264 cum
856 1215 1258 1279 praedecessore,
1287 1219 1339 1263 ut
1364 1221 1554 1276 vocant,
1594 1218 1676 1280 qui
1704 1223 1818 1267 tunc
1845 1219 1924 1268 de·

426 1300 644 1360 cedebat,
674 1315 700 1347 e
725 1298 980 1362 provincia
1020 1298 1219 1358 viribus,
1271 1313 1442 1346 rursus
1480 1314 1565 1346 eos
1590 1300 1791 1358 invadit,
1833 1301 1925 1350 sed

424 1382 609 1443 eodem,
638 1396 731 1445 quo
757 1381 895 1445 prius
922 1396 1167 1440 successu,
1196 1382 1260 1429 ab
1289 1381 1547 1445 oppidanis
1585 1383 1814 1446 funditur,
1856 1388 1926 1434 at-

423 1481 516 1529 quc
542 1465 754 1527 fugatur.
772 1464 838 1512 Et
863 1464 957 1512 iam
986 1468 1267 1527 quaternaS,
1294 1479 1477 1528 easque
1491 1481 1698 1528 magnas
1725 1467 1784 1516 de
1802 1466 1923 1516 Bar-

422 1549 558 1599 baris
585 1548 820 1598 victorias
846 1548 1013 1597 miseri
1040 1553 1428 1612 reportaverant,
1470 1554 1517 1597 et
1543 1550 1606 1598 ad
1635 1548 1701 1599 25
1729 1551 1924 1600 circiter

422 1633 667 1682 hominum
717 1631 871 1680 millia
921 1631 1128 1695 carptim
1168 1631 1551 1693 trucidaverant,
1599 1649 1705 1682 cum
1742 1649 1924 1697 nequa-

425 1731 567 1780 quam
596 1729 649 1763 se
675 1714 781 1762 fore
806 1728 956 1778 pares
995 1714 1220 1762 hostibus
1258 1714 1368 1774 rati,
1407 1714 1457 1761 ni
1494 1715 1693 1764 auxiliis
1728 1731 1920 1780 quoque

425 1797 814 1847 Christianorum
840 1790 1456 1862 adi11Vare11tur,sLegatos,
1485 1801 1532 1844 et
1558 1797 1626 1845 ad
1646 1797 1924 1863 Principem

428 1882 840 1947 Transylvaniae,
867 1881 1150 1944 Banumque
1166 1881 1539 1944 Lugasiensem,
1566 1886 1614 1929 et
1639 1882 1703 1930 ad
1717 1881 1922 1945 Stepha-

429 1982 541 2016 num
568 1965 866 2013 Bathoreum
895 1961 1011 2028 (qui,
1036 1969 1150 2012 tunc
1189 1979 1295 2012 cum
1322 1962 1500 2011 ceteris
1528 1962 1783 2026 Vngariae
1807 1980 1924 2029 pro-

428 2048 636 2106 ceribus,
663 2047 945 2096 Hatvanum
973 2046 1273 2109 obsidebat),
1291 2045 1529 2096 communi
1543 2047 1747 2095 consilio
1761 2047 1925 2117 decer-

424 2137 556 2183 nunt.
586 2130 862 2195 Respondit
895 2131 1174 2180 Bathoreus
1213 2147 1274 2180 ex
1314 2129 1506 2179 consilii
1545 2131 1804 2190 sententia,
1855 2131 1924 2179 in-

426 2214 649 2264 consulte
701 2228 908 2277 prorsus
961 2229 1047 2262 eos
1098 2213 1292 2273 fecisse,
1345 2212 1475 2276 quod
1525 2227 1620 2260 non
1659 2217 1918 2276 expectato

433 2296 826 2345 Christianorum
841 2310 1088 2356 successu,
1114 2296 1163 2344 in
1178 2295 1287 2359 ipso
1304 2294 1545 2342 Turcicae
1561 2294 1758 2342 ditionis
1772 2295 1922 2343 medi-

429 2379 569 2429 tullio
599 2383 768 2428 contra
793 2379 1089 2427 valentiores
1115 2379 1368 2427 Barbaros
1408 2393 1544 2426 arma
1571 2378 1924 2441 sumpsissent3

425 2477 538 2511 sese
590 2461 749 2522 modo,
801 2461 850 2508 in
882 2465 1020 2510 tanta
1058 2477 1219 2510 rerum
1260 2459 1559 2519 difficultate,
1610 2460 1925 2523 locorumque

423 2543 801 2608 longinquitate,
827 2543 1021 2607 quando
1046 2543 1144 2606 ipsi
1171 2543 1316 2591 etiam
1356 2542 1419 2590 ad
1456 2543 1726 2605 urgendam
1758 2547 1924 2592 tantae

425 2627 557 2676 arcis
584 2625 998 2690 oppugnationem
1037 2613 1271 2674 subsidiis
1297 2624 1589 2686 indigerent,
1616 2640 1924 2688 nequaquam

429 2725 579 2774 posse
605 2710 735 2757 ullas
772 2709 895 2773 ipsis
936 2710 1188 2772 suppetias
1228 2707 1528 2757 submittere.
1582 2709 1927 2758 Verumtamen

427 2792 653 2856 quoniam
681 2806 737 2839 eo
764 2791 861 2839 iam
886 2791 1251 2855 processissent
1289 2790 1538 2850 audaciae,
1578 2790 1706 2839 unde
1730 2790 1927 2839 nonnisi
1994 2793 2005 2800 ‘

424 2890 529 2923 cum
555 2873 776 2936 victoria,
802 2878 885 2922 aut
909 2878 1123 2921 extremo
1162 2873 1378 2937 periculo
1404 2873 1601 2934 regredi
1621 2871 1817 2921 liceret:
1845 2887 1921 2921 se·
1979 2930 1982 2933 ¹

422 2971 477 3004 se
502 2956 624 3020 ipsis
653 2959 882 3004 auctores
922 2969 1052 3017 esse,
1093 2971 1153 3004 ne
1181 2954 1261 3003 vel
1300 2953 1511 3003 castella
1538 2955 1830 3015 Turcarum,
1855 2954 1925 3002 uti
