2112 3288
503 165 604 216 142
1028 187 1093 220 10.
1121 187 1254 220 DEcn
1278 187 1475 222 BARovn

496 300 606 350 aliis
631 306 822 368 tempus
848 318 905 352 ac
931 303 1211 353 facultatem
1238 305 1451 354 abeundi
1477 305 1876 369 praeberent.Ad
1886 306 1980 356 has

493 384 643 448 igitur
669 387 991 437 Tartarorum
1016 388 1252 453 reliquias
1279 389 1672 453 intercipiendas‚
1715 389 1979 454 eodemque

498 470 681 531 labore,
710 471 754 520 si
780 471 974 521 occasio
1002 487 1060 520 se
1087 472 1226 521 daret
1262 470 1347 532 ²⁶),
1378 473 1606 537 oppidum
1640 473 1888 537 Lippense
1919 488 1979 522 ac

502 552 916 621 Tomosvariense
952 553 1017 615 ²⁷)
1046 555 1380 619 diripiendum,
1399 570 1624 619 supremo
1660 553 1726 615 ²⁸)
1755 555 1874 606 duce
1899 570 1978 605 co-

492 637 683 701 piarum
711 638 978 687 Francisco
1007 637 1187 688 Geztio
1215 639 1486 700 designatO,
1504 643 1737 690 veterano
1762 640 1860 689 iam
1872 639 1976 690 bel-

491 720 662 782 latore,
699 737 757 770 ac
782 721 1000 786 Principi
1013 722 1249 787 imprimis
1275 721 1561 772 fidelissimo
1597 720 1671 788 ²⁹),
1698 723 1976 773 universum

491 803 728 870 Princeps
756 806 1021 855 exercitum
1058 806 1357 869 Lug-asinum
1390 821 1567 856 versus
1607 807 1802 872 dimisit.
1842 806 1971 872 Ipse,

491 894 543 938 ut
591 905 760 953 pacem
804 890 1085 954 provinciae
1134 895 1366 949 tueretur,
1419 896 1467 939 et
1518 906 1642 955 quae
1694 892 1825 942 bello
1862 891 1974 941 usui

487 973 660 1030 forent,
687 979 988 1037 procuraret,
1027 972 1186 1022 Albae
1224 973 1474 1022 remansit.
1507 975 1718 1038 Egressi
1745 990 1771 1024 e
1792 974 1970 1024 finibus

491 1056 886 1120 Transylvaniae
924 1057 1079 1105 nostri
1133 1062 1392 1122 postquam
1431 1057 1700 1119 Facziado,
1751 1056 1974 1107 Castello

489 1139 714 1200 TurcicO,
742 1154 834 1204 quo
861 1139 1166 1202 Lugasinum
1202 1140 1316 1189 ituri
1354 1140 1667 1203 diverterant,
1709 1141 1974 1206 appropin-

488 1227 736 1285 quassent,
786 1223 1086 1287 praemissus
1126 1238 1230 1273 cum
1270 1224 1468 1273 selectis
1508 1224 1695 1288 aliquot
1729 1224 1972 1289 equitibus
2022 1285 2023 1288 Ἴ

483 1302 942 1373 Moysesf'Szekely,
970 1309 1046 1356 vir
1080 1323 1225 1357 manu
1264 1314 1506 1371 strenuus,
1546 1315 1685 1365 tanto
1710 1310 1762 1381 in
1785 1309 1971 1367 hostes,

482 1394 627 1455 atque
654 1391 776 1441 adeo
814 1392 865 1440 in
903 1396 1074 1456 portas
1113 1392 1308 1441 castelli
1333 1393 1503 1457 ipsius,
1544 1393 1728 1458 impetu
1751 1393 1973 1442 invectus

482 1479 573 1535 est,
601 1480 666 1534 ut,
697 1476 739 1524 si
763 1476 958 1541 pedites
984 1476 1048 1525 ad
1070 1476 1122 1524 id
1149 1476 1327 1525 delecti
1352 1477 1462 1541 pari
1489 1478 1747 1526 celeritate
1771 1476 1849 1526 usi
1864 1491 1970 1526 eum

483 1559 714 1622 consequi
743 1559 987 1608 destinato
1013 1564 1231 1623 tempore
1256 1560 1548 1624 potuissent,
1577 1562 1757 1617 nullum
1773 1560 1966 1610 dubium

489 1648 576 1701 est,
629 1644 743 1707 quin
794 1659 854 1693 eo,
903 1644 1125 1708 protinus
1163 1644 1346 1708 impetu
1395 1644 1446 1692 in
1496 1646 1749 1694 castellum
1796 1644 1964 1694 irrum-

484 1733 601 1790 pere
651 1727 933 1776 valuissent.
1011 1726 1108 1775 Sed
1170 1742 1313 1791 quum
1344 1725 1415 1787 .⁵⁰)
1466 1728 1539 1775 illi
1589 1729 1761 1789 serius,
1822 1743 1965 1792 quam

480 1826 572 1874 par
599 1817 719 1871 erat,
759 1818 1085 1872 accurrentes,
1136 1810 1261 1860 nulli
1296 1827 1408 1861 esse
1446 1813 1555 1861 usui
1591 1817 1852 1876 potuerunt
1887 1807 1963 1874 ⁸¹),

480 1894 682 1959 Moyses
708 1900 948 1945 tormento
975 1896 1152 1944 bellico
1179 1895 1306 1944 ictus
1331 1896 1415 1943 vix
1454 1895 1623 1944 evasit.
1665 1894 1828 1944 Ceteri
1857 1894 1962 1944 eius

481 1979 684 2028 comites
711 1994 767 2027 eo
795 1980 1002 2038 sublat0‚
1043 1979 1214 2042 paucis
1256 1979 1468 2039 amissis,
1517 1978 1783 2028 incolumes
1821 1992 1876 2027 se
1912 1978 1963 2025 in

483 2062 748 2111 exercitum
785 2067 1087 2126 receperunt.
1137 2061 1338 2111 Pedites
1387 2062 1712 2122 nihilominus,
1761 2061 1965 2110 simulac

480 2146 794 2207 advenerunt,
843 2146 1013 2195 vineas
1040 2161 1097 2194 ac
1123 2160 1358 2208 aggerem
1390 2145 1567 2207 iacere,
1616 2145 1962 2208 cuniculosque

480 2231 826 2279 subterraneos
852 2236 988 2279 tanta
1016 2230 1271 2292 diligentia
1297 2234 1560 2293 coeperunt
1573 2238 1774 2289 struere,
1801 2233 1961 2277 utnon

479 2314 676 2363 dubium
702 2320 848 2375 esset,
877 2315 992 2378 quin
1016 2329 1199 2379 paucos
1225 2319 1340 2378 post
1377 2313 1482 2363 dies
1522 2313 1724 2362 castello
1762 2311 1961 2376 potituri

477 2398 650 2446 forent.
679 2396 777 2447 Sed
801 2398 885 2446 ubi
910 2412 1009 2446 nox
1046 2398 1241 2460 ingruit,
1293 2397 1485 2445 iteratis
1531 2393 1590 2460 ⁵²)
1644 2395 1847 2462 allatum
1884 2399 1961 2444 est

477 2482 666 2530 nunciis
709 2482 771 2530 ad
797 2482 1079 2544 generalem
1106 2480 1352 2545 copiarum
1381 2479 1561 2540 ducem,
1578 2495 1806 2542 magnam
1831 2477 1959 2541 Tur-

620 2645 661 2690 28)
680 2646 711 2681 Ε
730 2645 948 2683 k’ozbetetel
969 2644 1133 2681 Koa-nal
1155 2646 1262 2681 nincs
1281 2657 1375 2693 meg.

621 2706 663 2752 ²⁷.)
683 2707 1012 2759 Temesvariensek

619 2766 661 2812 ²⁸)
678 2768 766 2802 Kov.
788 2781 800 2801 .·
816 2765 987 2815 generali

620 2825 662 2873 29)
682 2826 713 2861 Ε
729 2826 911 2863 kiizbete‘t
928 2839 974 2863 az
993 2839 1063 2872 eyy.
1096 2827 1262 2862 cocL-ben
1280 2826 1392 2862 niues
1411 2837 1504 2872 meg.

619 2887 666 2932 ³⁴)
689 2889 771 2923 Kov.
789 2900 801 2921 .·
819 2899 902 2924 cum

621 2946 662 2992 3·)
684 2948 769 2981 Κου.
791 2960 803 2980 .·
820 2946 1035 2994 potuissent

619 3005 662 3050 ³²)
679 3008 764 3042 Κου.
784 3020 792 3040 :
810 3008 929 3043 ternis
