2112 3288
423 178 523 229 128
697 178 701 182 ’
960 197 1023 230 10.
1050 196 1182 230 DEcn
1208 197 1405 231 BARovn

418 327 628 375 unquam
651 327 708 360 eo
746 312 859 370 vivo
888 311 1168 376 Principem
1207 313 1476 375 agnituros,
1527 330 1617 363 nec
1648 313 1912 379 quicquam

419 396 515 444 nisi
541 411 597 444 eo
625 410 827 444 reverso
854 396 905 443 in
931 392 1176 460 publicu‘m
1205 399 1511 447 consulturos
1539 413 1666 446 esse.
1709 398 1913 447 Terruit

417 480 461 528 is
488 476 755 530 consensus
766 477 1005 528 Ordinum
1030 480 1222 539 multos,
1250 495 1432 544 eosque
1458 481 1766 545 praecipuos,
1801 481 1914 529 dum

417 563 607 611 reversi
644 561 886 626 Principis
937 567 1222 612 vererentur
1274 563 1673 626 indignationem.
1725 562 1914 613 Verum

419 651 582 695 tamen
622 645 735 708 quia
773 661 923 709 saepe
961 660 1057 694 vox
1097 645 1278 710 populi,
1318 662 1415 695 vox
1453 648 1550 696 Dei
1592 653 1682 707 est,
1718 645 1914 695 tandem
1964 686 1969 688 s
2035 680 2038 683 f

421 730 630 779 omnium
655 730 875 779 ordinum
902 744 1144 779 consensu
1172 731 1344 791 coacti,
1373 746 1634 780 assensere
1673 730 1748 789 iis,
1789 745 1914 779 com-

421 815 776 879 municatisque
803 814 1037 875 consiliis,
1065 819 1271 878 quatuor
1309 815 1444 864 viros
1483 831 1544 864 ex
1584 815 1712 863 omni
1739 814 1912 864 ordine

423 899 635 960 elegere,
679 899 761 962 qui
788 898 1066 962 Principem
1104 899 1405 947 reducerent.
1448 899 1491 947 Ii
1528 900 1666 947 fuere
1706 896 1913 947 Gabriel

420 982 602 1042 Kendi,
653 982 922 1031 Balthasar
965 982 1163 1044 Bogati,
1216 983 1428 1031 Ioannes
1464 981 1623 1045 Siger,
1675 981 1912 1030 Albertus

421 1064 604 1129 Suegh,
632 1066 716 1129 qui
742 1080 908 1114 omnes
938 1081 996 1114 eo
1022 1065 1244 1129 profecti,
1286 1064 1504 1129 Principi
1541 1068 1911 1129 persuaserunt,

418 1154 471 1198 ut
508 1149 700 1198 veniret
737 1149 786 1197 in
817 1154 1129 1209 «conventum,
1171 1149 1336 1212 ibique
1374 1164 1630 1213 praesens,
1672 1149 1731 1196 de
1762 1148 1912 1197 rebus

416 1233 656 1292 omnibus²
687 1232 916 1296 quicquid
940 1232 989 1280 in
1016 1231 1263 1296 publicam
1289 1231 1452 1294 Regni
1491 1232 1697 1280 salutem
1738 1230 1915 1280 cedere

420 1317 683 1377 videretur,
734 1331 824 1380 pro
863 1316 1082 1376 arbitriO,
1125 1331 1183 1364 ac
1219 1318 1477 1379 potestate,
1512 1330 1656 1378 quam
1682 1314 1912 1363 divinitus

420 1400 583 1463 datam
608 1399 830 1460 haberet,
859 1400 1184 1448 concluderet.
1224 1398 1319 1447 His
1359 1399 1588 1459 assensit,
1627 1403 1676 1447 et
1703 1397 1933 1447 consilio

422 1484 681 1534 Francisci
709 1481 887 1548 Gezty,
916 1499 975 1531 ac
1002 1482 1241 1547 Stephani
1271 1482 1505 1546 Boczkai,
1546 1482 1626 1545 qui
1653 1482 1748 1530 duo
1773 1481 1914 1530 festi-

358 1628 360 1631 ·
419 1567 708 1616 nantissime
748 1566 885 1615 illum
922 1567 1142 1629 insecuti,
1160 1566 1463 1629 singularem
1479 1565 1524 1614 ei
1538 1564 1682 1613 fidem
1707 1564 1914 1628 praesti·

418 1655 591 1710 terant,
653 1664 792 1710 uSUS,
842 1649 1132 1712 patriaeque
1184 1664 1324 1713 opem
1363 1647 1611 1697 laboranti
1649 1647 1780 1696 ferre
1831 1662 1910 1695 cu-

418 1735 573 1799 piens,
602 1732 895 1796 Ujvarinum
920 1732 1128 1796 primum
1152 1731 1298 1780 venit.
1332 1731 1409 1780 Ibi
1436 1734 1693 1780 occurrunt
1731 1730 1776 1778 ei
1815 1729 1938 1793 pri-r

420 1832 582 1866 mores
610 1815 864 1876 Ordinum,
892 1830 1029 1879 quos,
1057 1830 1226 1864 omnes
1265 1815 1464 1863 comiter
1490 1814 1785 1878 appellatos,
1812 1813 1912 1877 ple-

419 1915 599 1964 rosque
626 1901 784 1948 bonae
811 1899 919 1963 spei
946 1916 976 1948 a
1002 1914 1057 1948 se
1084 1899 1279 1947 dimisit.
1307 1899 1425 1946 Mox
1450 1897 1608 1946 literis
1634 1897 1747 1945 inde
1772 1897 1821 1945 in
1835 1910 1911 1944 co—

419 1983 556 2032 mitia
580 1984 747 2032 missis
773 1998 958 2032 moram
983 1983 1222 2032 adventus
1250 1982 1325 2031 sui
1352 1986 1570 2042 excusat,
1598 1996 1749 2044 seque
1762 1979 1909 2044 paulo

417 2073 532 2132 post
558 2069 620 2118 ad
648 2083 732 2116 eos
759 2072 1013 2116 venturum
1039 2067 1312 2131 pollicetur.
1343 2066 1402 2115 Id
1426 2066 1507 2114 ubi
1522 2064 1735 2114 Ordines
1749 2063 1914 2126 Regni

418 2157 764 2214 cognoverunt,
798 2150 987 2213 ingenti
1012 2165 1179 2198 omnes
1204 2149 1395 2198 laetitia
1419 2148 1625 2213 perfusi,
1663 2152 1911 2210 tamquam

418 2235 619 2283 Patrem
646 2234 848 2283 Patriae
876 2234 1142 2298 accepturi,
1170 2233 1364 2282 obviam
1379 2231 1598 2295 Principi
1625 2229 1911 2279 adventanti

418 2320 720 2382 gratulatum
750 2319 1072 2379 effunduntur,
1102 2333 1307 2381 eumque
1333 2315 1734 2379 frequentissima
1758 2314 1908 2363 homi-

418 2419 531 2451 num
568 2402 873 2451 multitudine
910 2402 1155 2466 stipatum,
1199 2399 1689 2450 honorificentissime
1723 2413 1908 2447 summo

420 2501 524 2535 cum
567 2485 776 2534 omnium
816 2484 994 2547 gaudio
1034 2488 1313 2547 exceptum,
1365 2483 1415 2530 in
1465 2482 1790 2531 diversorium
1829 2482 1908 2529 de-

421 2571 612 2619 ducunt.
670 2633 672 2635 v
