2112 3288
608 167 673 199 DE
699 167 806 200 nnn.
832 167 945 199 VNG.
977 168 1085 201 nnc.
1114 169 1159 201 x.
1186 170 1230 201 L.
1257 171 1320 204 vt.
1548 214 1557 217 ς
1614 157 1714 208 117

209 298 305 348 que
331 283 396 333 ad
420 282 675 332 Pestinum
699 297 867 345 usque,
893 276 1264 345 direptionibus,
1293 301 1352 334 ac
1364 286 1606 335 incendiis
1634 290 1718 337 ab·

203 360 531 432 sumpserunt,
556 370 606 415 et
632 381 759 415 anno
786 365 977 425 deinde,
993 371 1256 430 postquam
1283 367 1708 432 i1·rupsissent,se-

203 450 385 516 quenti,
408 449 695 514 ingentibus
722 464 830 498 cum
894 450 1096 514 spoliis,
1143 465 1215 511 eo,
1279 452 1406 500 unde
1458 461 1712 515 venerant,
1793 448 1799 457 ‘

201 532 468 583 redierunt.
498 533 723 583 Tertium
738 548 907 583 eorum
933 533 1117 582 bellum
1156 534 1398 584 adversus
1439 536 1715 599 Vngariam

201 616 394 667 exstitit
429 618 668 667 memoria
693 622 890 682 patrum
916 623 1210 679 nostrorum,
1253 634 1348 683 quo
1376 624 1599 684 tempore
1627 619 1716 670 So-

199 701 421 765 lymanni
447 699 687 752 Caesaris
714 702 1016 753 authoritate
1045 703 1209 765 exciti,
1235 709 1408 768 partes
1443 705 1717 769 superioris

200 785 459 847 Vngariae
483 785 629 847 ultra,
659 785 884 849 citraque
912 786 1187 850 Tybiscum
1225 787 1327 836 late
1356 786 1717 845 discursarunt.

198 869 415 936 praedas
445 870 737 934 abegerunt,
766 875 815 920 et
839 871 1096 920 innumera
1120 869 1378 934 utriusque
1419 885 1570 920 sexus
1597 873 1717 922 mul-

197 954 406 1005 titudine
455 954 703 1004 hominum
719 955 779 1003 ·in
803 955 1144 1004 tristissimam
1171 955 1460 1004 servitutem
1486 955 1716 1010 abducta,

197 1043 461 1104 postquam
499 1037 835 1103 Solymannus
874 1039 1100 1103 ZigethO,
1142 1037 1409 1103 Gryulaque
1446 1040 1649 1104 potitus,
1687 1057 1714 1090 e

195 1123 346 1173 rebus
372 1122 600 1173 humanis
640 1124 958 1181 excessisset,
1011 1125 1061 1173 in
1102 1123 1362 1190 Scythiam
1403 1125 1714 1174 abscessere.

198 1205 345 1257 Anno
369 1213 485 1273 post
503 1207 627 1258 haec
651 1224 781 1258 nono
809 1213 859 1258 et
885 1209 1143 1272 vigesimO,
1171 1224 1279 1258 cum
1307 1209 1447 1258 multi
1461 1209 1621 1259 adhuc
1639 1225 1716 1259 su-

0 1265 1 1269 *
37 1290 39 1294 ⁴
116 1356 121 1359 μ
199 1297 466 1357 peressent
517 1308 544 1341 e
597 1293 844 1354 Tartaris,
897 1293 979 1356 qui
1007 1293 1164 1343 diram
1191 1294 1328 1343 illam
1343 1293 1600 1357 Vngariae
1630 1293 1714 1342 de-

187 1377 529 1445 vastationem
549 1376 889 1441 degustarant,
905 1378 986 1427 vel
1002 1383 1053 1427 ut
1066 1378 1497 1428 manumissionem
1515 1394 1542 1427 e
1557 1378 1712 1427 servi-

194 1464 299 1510 tute
337 1460 675 1532 impetrarent,
725 1462 955 1511 abiurata
995 1460 1284 1512 Christiana
1321 1462 1578 1526 religione,
1606 1462 1711 1510 Ma—

194 1544 544 1594 humethanam
571 1545 788 1610 amplexi
814 1545 1028 1606 fuerant,
1065 1545 1499 1595 sollicitationibus
1527 1544 1712 1595 Gaesa-

195 1628 326 1678 saris
351 1627 657 1689 Amurathis,
697 1645 757 1678 ac
784 1627 957 1679 Sinani
984 1630 1180 1679 Bassae
1219 1644 1314 1678 non
1357 1628 1623 1679 difficulter
1651 1644 1710 1679 eo

194 1729 250 1764 se
274 1714 464 1779 impelli
488 1714 629 1779 passi
657 1719 784 1775 sunt,
810 1719 863 1764 ut
889 1720 1126 1778 quartam,
1143 1718 1193 1763 et
1206 1714 1391 1763 utinam
1405 1718 1709 1778 postremam

191 1798 242 1847 in
267 1798 541 1863 Vngariam
585 1798 831 1848 martialis
871 1798 975 1847 ludi
1013 1799 1176 1847 aleam
1202 1798 1530 1863 susciperent,
1559 1813 1710 1862 expe-

193 1882 426 1932 ditionem
452 1897 512 1932 eo
538 1888 730 1944 conatu,
772 1888 821 1932 et
860 1883 1004 1947 quasi
1044 1898 1211 1932 secum
1244 1883 1343 1947 ipsi
1383 1882 1633 1943 certaturi,
1662 1888 1711 1931 et

191 1967 499 2032 superiorum
535 1972 808 2033 temporum
844 1969 1201 2028 crudelitatem,
1241 1967 1464 2016 inaudita
1503 1966 1704 2016 diritate

191 2052 486 2117 superaturi,
511 2052 636 2102 talia
661 2053 886 2103 facinora
904 2053 1122 2111 ederent,
1151 2052 1319 2117 qualia
1345 2051 1581 2101 nefando
1606 2050 1709 2115 qui-

190 2135 300 2185 dem
337 2137 574 2186 mortales
613 2136 936 2186 audivissent.
992 2135 1065 2185 Vt
1100 2141 1268 2185 tamen
1307 2136 1598 2186 documento
1642 2135 1709 2183 sit

191 2217 492 2270 Christianis
520 2220 850 2288 Principibus,
879 2237 987 2271 cum
1017 2221 1248 2286 qualibus
1287 2236 1384 2270 non
1424 2220 1533 2271 dico
1560 2219 1710 2269 homi-

127 2301 130 2303 ’
189 2303 350 2365 nibus,
378 2305 469 2354 sed
494 2306 743 2368 monstris,
771 2322 831 2355 ac
857 2304 1038 2355 belluis
1059 2305 1335 2354 teterrimis
1363 2304 1617 2368 negotium
1645 2304 1711 2352 sit

188 2387 333 2454 ipsis:
381 2389 541 2439 visum
579 2395 656 2440 est
694 2391 788 2440 hoc
825 2391 952 2450 loco,
988 2405 1134 2439 unum
1161 2394 1310 2453 atque
1336 2390 1546 2439 alterum
1572 2388 1708 2437 inau-

190 2470 324 2522 ditae
350 2472 660 2525 crudelitatis
688 2490 858 2526 eorum
886 2460 1166 2538 exemplum
1191 2473 1242 2522 in
1269 2473 1450 2538 vulgus
1473 2473 1636 2525 edere,
1649 2476 1704 2522 ut

188 2555 251 2605 iis
275 2556 374 2606 iam
411 2558 610 2608 tandem
650 2558 924 2609 Christiani
964 2559 1321 2624 expergefacti,
1361 2558 1556 2607 discant
1590 2572 1709 2605 una-

189 2639 308 2689 nimi
333 2655 578 2692 consensu
615 2643 799 2693 bellum
832 2644 882 2692 in
921 2644 1166 2694 barbaros
1214 2643 1485 2707 suscipere.
1539 2640 1708 2689 Ludus

186 2723 282 2775 fuit
304 2724 431 2790 ipsis
472 2743 532 2776 ac
555 2727 692 2777 iocus
719 2729 935 2778 infantes
948 2728 998 2778 in
1014 2735 1135 2779 a'era
1149 2729 1400 2794 proiectos
1439 2726 1708 2786 dissecare,

188 2809 270 2857 vel
295 2810 428 2876 palis
457 2812 714 2875 vagientes
741 2813 1079 2863 cervicetenus
1108 2813 1333 2877 affigere.
1364 2810 1501 2860 Nulli
1527 2823 1706 2874 prope-

192 2895 387 2945 modum
411 2895 536 2956 vir0,
561 2897 642 2945 vel
669 2897 819 2946 etiam
844 2897 1240 2962 provectioribus
1275 2899 1439 2944 aetate
1477 2890 1706 2942 foeminis

190 2994 475 3044 pepercere,
530 2980 620 3028 sed
668 2996 839 3029 omnes
880 2981 989 3031 sine
1041 2981 1142 3029 ullo
1192 2978 1383 3044 aetatis,
1421 2983 1506 3028 aut
1555 2989 1707 3027 sexus
