2112 3288
616 190 682 222 DE
710 189 817 222 ΗΕΒ.
846 189 960 222 VNG.
989 188 1097 220 nnc.
1126 189 1174 221 x.
1200 190 1244 220 L.
1272 190 1335 222 vl.
1536 232 1543 236 ἱ
1641 175 1742 226 123

229 307 488 356 immutare
526 321 739 370 unquam
778 304 902 353 illud
941 319 1192 367 queamus.
1235 303 1376 363 Quae
1399 321 1507 353 cum
1533 306 1604 354 ita
1629 307 1740 365 sint,

232 403 452 440 mearum
477 404 592 439 esse
618 389 834 453 partium
873 387 1168 447 existimavi,
1208 387 1303 435 hoc
1339 392 1575 452 tempore,
1618 390 1745 453 peri-

232 474 391 524 culum
415 473 511 523 hoc
535 472 733 538 patriae
758 471 956 537 publice
996 471 1223 521 omnibus
1264 470 1564 532 significare,
1604 476 1654 521 et
1680 473 1743 521 ad

233 558 605 610 deliberandum
629 571 924 622 proponere,
964 561 1018 606 ut
1054 555 1276 605 universi
1302 571 1494 605 mecum
1521 556 1743 620 singilla-

229 644 318 695 tim
367 641 429 691 de
479 641 722 698 communi
772 641 935 690 salute
985 638 1077 689 sua
1128 639 1338 690 consilia
1377 640 1746 702 communicent,

231 727 570 792 suffragiaque
595 727 757 776 libera
783 725 848 775 ad
874 741 951 775 me
980 725 1223 775 deferant.
1254 725 1398 786 Quod
1423 725 1467 775 si
1494 726 1644 775 certis
1670 743 1746 776 ra-

219 811 461 874 tionibus,
487 810 882 874 firmissimisque
909 810 1217 874 argumentis
1245 810 1601 870 demonstrare,
1639 827 1748 875 per-

207 887 542 960 suadereque
581 894 793 958 singulis
827 899 1056 959 -potuerO,
1094 895 1406 959 propositum
1448 881 1607 943 meum
1635 909 1749 943 esse

229 979 593 1030 necessarium:
620 993 830 1043 aequum
857 978 952 1027 erit
978 993 1163 1040 omnes,
1190 975 1434 1045 {deposita
1458 978 1749 1043 pertinacia,

232 1064 446 1130 pedibus
469 1063 522 1114 in
546 1079 706 1113 meam
732 1063 1025 1112 sententiam
1053 1063 1365 1113 contendere.
1394 1062 1483 1112 Sin
1517 1077 1637 1111 vero
1664 1062 1748 1110 mi-

229 1163 344 1200 nus:
393 1148 629 1214 profiteor
666 1163 744 1196 me
781 1147 965 1196 nemini
1008 1147 1103 1196 hoc
1139 1148 1336 1196 nomine
1362 1147 1461 1195 vim
1487 1147 1749 1206 illaturum,

232 1234 322 1285 sed
346 1233 564 1292 maioris,
590 1233 874 1282 meliorisve
900 1232 1060 1297 partis
1089 1232 1299 1282 consilia
1321 1232 1470 1282 etiam
1496 1231 1592 1280 hac
1616 1231 1666 1279 in
1691 1247 1745 1280 re

230 1318 444 1368 libenter
469 1321 751 1366 secuturum
790 1331 918 1367 esse.
971 1317 1145 1377 Nem0,
1183 1322 1237 1366 ut
1271 1316 1465 1380 quidem
1505 1331 1616 1365 mea
1652 1316 1752 1364 fert

233 1403 412 1468 opinio,
463 1402 610 1467 plura
647 1419 679 1451 a
715 1419 792 1452 me
830 1402 938 1451 iure
976 1402 1087 1467 ipso
1127 1418 1335 1467 sperare
1372 1406 1561 1467 posset,
1589 1394 1748 1464 'quam

233 1502 362 1552 quae
386 1502 477 1551 pro
503 1487 697 1537 ratione
724 1487 820 1536 mei
847 1487 1079 1548 muneris,
1120 1502 1215 1551 quo
1243 1487 1477 1537 divinitus
1504 1487 1750 1537 datofun-

233 1587 341 1637 gor,
364 1577 627 1637 praestare
652 1577 826 1621 teneor
845 1588 856 1634 3
874 1587 967 1621 nec
992 1573 1138 1636 plura
1165 1571 1225 1620 de
1247 1587 1323 1620 me
1339 1572 1576 1636 pollicere
1590 1570 1753 1631 velim,

234 1672 381 1722 quam
407 1671 538 1720 quae
565 1656 740 1705 debeo.
767 1655 898 1705 Illud
925 1661 1100 1705 sancta
1125 1655 1223 1705 fide
1237 1660 1411 1716 testor,
1439 1672 1500 1704 ea
1525 1671 1602 1704 me
1629 1671 1752 1717 erga

232 1729 447 1808 patriam
486 1740 733 1790 charitate
772 1740 1039 1790 animatum
1079 1755 1221 1801 esse,
1264 1755 1586 1805 semperque,
1638 1740 1749 1788 dum

234 1827 421 1887 vixerO,
447 1826 571 1880 fore,
596 1830 650 1874 ut
676 1830 895 1887 mortem,
922 1825 1062 1875 iuxta
1089 1830 1239 1889 atque
1267 1825 1418 1874 vitam
1447 1839 1750 1875 communem

235 1910 354 1960 mihi
378 1909 650 1970 vobiscum,
678 1925 739 1959 ac
765 1925 872 1959 cum
898 1909 1064 1975 patria
1103 1910 1180 1958 cui
1217 1915 1365 1959 natus
1403 1925 1525 1970 sum,
1554 1923 1751 1972 semper

235 2009 351 2044 esse
375 1993 540 2054 velim,
577 1998 727 2058 atque
766 1993 973 2058 cupiam.
1027 1993 1159 2053 Quid
1197 1994 1326 2043 enim
1365 1993 1640 2057 gloriosius
1665 2007 1749 2040 un-

236 2094 383 2144 quam
433 2077 801 2143 salutariusque
835 2076 1154 2142 Principibus
1206 2078 1354 2127 etiam
1405 2078 1538 2143 apud
1580 2091 1745 2126 seram

235 2162 581 2228 posteritatem
608 2176 724 2211 esse
749 2167 936 2226 posset,
964 2177 1111 2226 quam
1137 2177 1228 2226 pro
1256 2161 1374 2222 aris,
1403 2177 1463 2210 ac
1487 2161 1629 2222 focis,
1656 2174 1747 2225 pro

235 2248 362 2310 lege,
390 2250 441 2295 et
464 2260 555 2311 pro
581 2262 753 2310 grege,
779 2261 871 2311 pro
897 2246 1156 2310 religione,
1184 2250 1333 2310 atque
1349 2246 1459 2295 Deo
1472 2245 1597 2310 ipso,
1624 2244 1751 2293 eius·

237 2346 332 2395 que
371 2330 565 2395 gloriae
589 2330 885 2396 patrocinio,
906 2331 957 2379 si
982 2330 1257 2380 necessitas
1295 2330 1366 2379 ita
1390 2330 1572 2391 tulerit,
1598 2328 1750 2377 vitam

234 2414 533 2479 profundere
553 2414 578 2464 t>
604 2415 850 2479 Equidem
903 2415 1090 2464 tamdiu
1137 2415 1287 2464 velim
1325 2429 1440 2463 esse
1479 2417 1751 2478 supersteS,

241 2498 396 2547 donec
423 2499 636 2563 patriam
661 2500 807 2549 video
836 2500 1172 2565 superstitem,
1199 2516 1258 2549 ac
1283 2499 1427 2549 bonis
1455 2499 1668 2562 legibus,
1695 2498 1749 2545 li-

238 2582 533 2646 bertateque
558 2583 840 2633 florentem:
892 2600 953 2634 ea
990 2584 1202 2649 perdita,
1257 2583 1367 2648 quis
1394 2598 1548 2632 sanae
1574 2581 1751 2630 mentis

240 2665 420 2729 cupiat,
448 2666 642 2716 etiamsi
670 2669 882 2718 maxime
907 2669 1082 2734 possit,
1108 2669 1261 2718 vitam
1295 2667 1543 2728 miseram,
1584 2682 1642 2715 ac
1669 2665 1750 2713 de-

239 2740 446 2799 formem
479 2752 670 2812 agere‘?
722 2751 822 2802 Sed
847 2768 945 2803 non
973 2759 1050 2803 est
1088 2758 1268 2814 tamen,
1322 2752 1453 2816 quod
1491 2752 1551 2800 de
1589 2751 1750 2799 salute

237 2833 403 2897 Regni
428 2835 586 2883 nostri
610 2851 816 2899 prorsus
851 2838 1173 2903 desperemus
1213 2837 1502 2900 animosque
1541 2834 1750 2899 despon-

239 2917 455 2968 deamus.
493 2919 572 2968 En
609 2920 704 2970 hoc
740 2927 962 2988 tempore
1002 2922 1320 2974 Christianus
1360 2921 1512 2980 orbiS,
1541 2921 1624 2984 qui
1649 2921 1745 2970 iam

237 3004 371 3058 facto
396 3004 612 3069 foedere,
639 3006 855 3059 unanimi
880 3024 1125 3061 consensu
1141 3024 1280 3061 arma
1307 3011 1480 3056 contra
1507 3004 1742 3055 saevissi-
