2112 3288
473 197 577 249 244
1003 211 1066 245 1o.
1093 210 1225 244 DEon
1250 209 1448 243 BARovn

473 334 566 382 bus
594 329 910 396 amplissimis
935 328 1118 392 regniS,
1145 332 1194 376 et
1218 331 1290 377 tot
1315 327 1457 375 bonis
1483 327 1768 388 cumulavit,
1794 341 1966 391 parum

478 421 664 480 gratus,
691 429 862 480 parum
888 413 998 478 pius
1024 427 1137 461 esse
1162 412 1391 464 videaris,
1415 426 1554 460 neve
1580 411 1730 472 illum,
1775 411 1868 476 qui‘
1891 426 1966 460 re-

476 501 655 566 probat
680 503 729 548 et
754 498 964 561 dissipat
988 496 1119 545 mala
1154 500 1202 544 et
1240 495 1421 544 iniusta
1453 494 1671 555 consilia,
1711 500 1880 544 contra
1917 499 1968 544 te

478 585 638 650 ipsum
675 583 739 632 ad
776 581 1077 631 iracundiam
1113 595 1378 645 provoces
1419 583 1467 628 et
1502 580 1619 639 hoc,
1658 579 1787 643 quod
1822 579 1967 629 fratri

482 673 564 718 tuo
601 666 781 716 malum
818 664 1039 725 intulisti,
1077 664 1126 712 in
1164 669 1297 713 tuam
1336 668 1385 715 et
1409 663 1570 726 Regni
1606 663 1677 712 tui
1702 659 1965 726 pernicicm

480 745 916 814 maximam‹(quod
942 743 1090 812 absit)
1133 748 1260 796 iusto
1286 747 1383 796 Dei
1409 747 1585 796 iudicio
1612 747 1862 796 redundet.
1890 744 1966 796 An

482 841 535 885 tu
559 839 704 900 putas
738 833 1086 897 Transylvano
1115 846 1353 896 oppresso
1391 836 1441 880 te
1480 848 1510 880 a
1536 830 1809 881 Turcarum
1845 831 1973 880 insi-

487 918 580 968 diis
616 922 770 967 tutum
807 916 953 965 fore?
1005 914 1083 964 An
1124 922 1175 965 tu
1212 916 1540 978 foedifragum
1567 915 1702 964 illum
1726 915 1928 979 ignoras
1949 915 1974 964 Ρ

490 1003 573 1069 qui
599 1002 761 1052 omnia
800 1016 891 1050 sua
915 1000 1126 1049 utilitate
1153 1000 1362 1058 metitur,
1402 999 1482 1063 qui
1501 999 1621 1048 nulli
1637 1003 1803 1049 servat
1816 999 1974 1062 fidem,

486 1087 585 1138 nisi
612 1102 673 1136 ex
700 1085 776 1135 sui
801 1083 1042 1133 commodi
1067 1082 1269 1146 regula3
1299 1083 1380 1146 qui
1406 1083 1567 1132 omnia
1591 1098 1746 1146 regna
1771 1082 1974 1133 insatia-

490 1171 580 1221 bili
640 1167 909 1234 cupiditate
962 1167 1175 1232 appetit,
1239 1168 1337 1216 imo
1386 1168 1535 1216 totius
1585 1165 1976 1217 Christianitatis

493 1253 742 1304 interitum
769 1251 886 1301 sitit.
926 1249 1107 1323 Cogita
1133 1252 1278 1300 etiam
1303 1251 1386 1312 fili,
1426 1257 1607 1315 quanta
1646 1251 1801 1302 electo
1825 1253 1982 1317 Impe-

490 1338 644 1389 ratori
668 1337 947 1402 propinquo
973 1342 1056 1385 tuo
1082 1335 1258 1384 iniuria
1279 1335 1536 1398 inferatur,
1565 1336 1741 1386 ecuius
1771 1341 1979 1402 augusto

495 1422 735 1487 sanguine
775 1421 903 1487 filios
945 1425 994 1469 et
1030 1420 1273 1469 haeredes
1323 1420 1583 1486 suscepisti
1620 1437 1708 1486 per
1733 1420 1830 1471 Dei
1867 1436 1982 1486 gra·
2030 1416 2034 1420 ’

492 1508 610 1557 tiam
636 1511 685 1555 et
710 1505 966 1570 suscipies.
995 1504 1122 1565 Quin
1150 1505 1295 1553 etiam
1321 1509 1493 1554 nostra
1531 1510 1579 1554 et
1602 1505 1744 1554 huius
1770 1502 1982 1571 Aposto-

495 1591 624 1640 licae
648 1590 797 1650 sedis,
826 1604 969 1653 quam
997 1587 1119 1638 adeo
1149 1589 1324 1638 devote
1351 1605 1545 1654 semper
1587 1589 1792 1653 coluisti,
1830 1589 1984 1653 digni-

500 1682 579 1725 tas
605 1674 830 1733 laeditur,
867 1678 915 1722 et
940 1678 1096 1722 mater
1121 1677 1206 1721 tua
1232 1672 1533 1734 charissima,
1567 1673 1693 1738 quod
1718 1680 1777 1739 te,
1792 1673 1984 1724 minime

500 1760 712 1811 omnium
726 1759 855 1808 velle
871 1758 1065 1818 scimus,
1083 1757 1306 1806 Romana
1326 1757 1555 1807 Ecclesia
1571 1759 1842 1816 offenditur,
1860 1764 2001 1823 quae·
2043 1773 2045 1776 ·

498 1841 642 1893 huius
669 1843 800 1892 sacri
824 1842 943 1891 belli
971 1841 1173 1905 gerendi
1211 1856 1360 1890 causa
1399 1842 1634 1890 maximos
1674 1847 1722 1891 et
1757 1842 1986 1891 intolera-

503 1928 630 1978 biles
646 1932 867 1991 sumptus
883 1926 1027 1975 subit.
1055 1926 1348 1974 Nostrorum
1363 1931 1523 1974 autem
1536 1919 1925 1991 viribus,‘quaea
1937 1930 1988 1975 te

503 2011 834 2063 sublevandae
872 2015 921 2059 et
959 2010 1214 2074 augendae
1254 2015 1406 2070 erant,
1446 2015 1545 2058 tam
1583 2010 1744 2059 alieno
1771 2014 1997 2075 tempore!

504 2112 594 2163 per
630 2096 724 2145 hos
749 2094 1030 2144 Moldaviae
1068 2099 1227 2144 motus
1269 2094 1518 2143 distractis
1544 2099 1690 2158 atque
1714 2093 1991 2154 imminutiS,

506 2185 675 2230 contra
699 2179 911 2229 hostium
939 2179 1095 2228 auctis
1123 2184 1170 2227 et
1195 2165 1456 2232 roboratis,
1484 2179 1533 2226 in
1560 2193 1684 2242 quae
1712 2177 1992 2227 discrimina

506 2269 556 2314 et
580 2263 837 2327 angustias
852 2263 1097 2312 exercitus
1110 2268 1280 2311 noster
1295 2262 1675 2312 Ecclesiasticus
1701 2268 1749 2310 et
1763 2259 1988 2310 Caesari·

510 2362 633 2397 anus
658 2346 816 2410 possit
842 2345 1083 2406 incidere,
1119 2350 1167 2394 et
1194 2351 1492 2409 quantopere
1531 2344 1647 2394 belli
1686 2335 1846 2393 huius'
1865 2343 1991 2393 ratio

510 2438 558 2482 et
583 2430 940 2481 administratio
968 2430 1297 2492 perturbetur,
1324 2444 1462 2478 nemo
1490 2435 1578 2490 est,
1606 2430 1801 2493 quinon
1813 2427 1992 2478 videat.

511 2515 609 2566 Sed
635 2520 684 2564 et
706 2513 827 2563 illud
853 2513 1055 2574 accedit,
1084 2514 1211 2576 quod
1238 2514 1301 2562 ad
1327 2518 1557 2573 nostram,
1598 2518 1647 2563 et
1683 2513 1825 2562 huius
1852 2528 1994 2562 sanc-

510 2606 592 2651 tae
631 2598 764 2648 sedis
809 2597 1095 2661 dignitatem
1133 2612 1228 2646 non
1273 2598 1580 2647 mediocriter
1619 2597 1854 2663 pertinet:
1903 2611 1993 2647 nos

513 2682 800 2741 charissimo
826 2682 925 2730 filio
964 2687 1132 2731 nostro
1160 2681 1421 2746 Rudolpho
1449 2681 1835 2746 et-Sigismundo
1861 2695 1992 2730 rece-

511 2769 684 2835 pimus.
712 2772 761 2816 et
784 2781 873 2831 pro
889 2771 1020 2815 certo
1034 2766 1238 2832 polliciti
1253 2781 1435 2828 sumus,
1462 2767 1672 2829 Regiam
1689 2766 1994 2815 Maiestatem

511 2858 646 2902 tuam
669 2850 790 2900 nihil
817 2850 1007 2899 omnino
1043 2851 1374 2915 impedimenti
1402 2857 1485 2901 aut
1516 2849 1802 2914 perditionis
1830 2863 1995 2898 eorum

515 2937 665 2986 rebus
692 2936 964 2996 allaturam,
988 2950 1145 2999 neque
1171 2935 1264 2983 hoc
1289 2936 1464 2985 leniter
1478 2933 1882 2994 confirmavimus,
1909 2931 1997 2981 sed

519 3020 661 3084 gravi
684 3018 939 3070 admodum
977 3006 1179 3081 ratione,
1217 3034 1313 3070 non
1351 3036 1412 3070 ex
1450 3034 1507 3069 eo
1546 3019 1724 3080 solum,
1765 3016 1851 3066 sed
1888 3014 1999 3081 quia
