2112 3288
531 198 595 230 DE
622 199 729 232 nnn.
758 198 871 233 VNG.
901 198 1009 231 nne.
1036 200 1083 232 x.
1111 200 1154 232 L.
1183 200 1246 232 rx.
1529 182 1658 232 ς221
1722 217 1726 221 ,

167 328 370 379 eumque
407 329 438 364 a
474 314 904 364 circumstantibus
942 314 1178 363 ministris
1204 319 1483 379 porrectum
1509 314 1661 379 capiti

165 397 463 463 imposuerit.
517 397 676 458 Quam
713 398 935 463 pulcrum
973 397 1249 462 exemplum
1290 397 1383 447 erit
1408 397 1473 447 ad
1498 413 1661 447 seram

162 480 517 546 posteritatem,
539 497 638 532 non
665 481 773 532 dico
800 481 1098 531 exercitibus
1111 481 1311 542 nostris,
1337 481 1426 549 scd
1450 481 1540 530 toti
1564 484 1660 530 ter-

161 580 326 616 rarum
352 566 473 628 orbi,
498 567 723 617 iuvenem
737 566 1016 633 Principem
1043 571 1091 616 et
1106 566 1254 616 duces
1266 566 1533 631 plerosque
1556 564 1661 614 eius

160 650 210 700 in
248 650 497 716 panopliis
549 666 670 701 auro
711 651 942 715 ferroque
983 650 1229 699 distinctis
1267 649 1412 699 flexis
1453 649 1661 712 genibus

163 738 296 784 stare
319 734 370 783 in
395 735 589 797 castriS,
617 740 666 784 et
690 734 1023 799 precationem
1051 749 1157 783 cum
1181 734 1278 799 piis
1306 734 1529 784 omnibus
1551 749 1662 783 con-

160 818 376 884 iungere,
423 820 777 884 authoremque
816 819 972 869 omnis
1011 824 1184 870 contra
1215 819 1471 869 Barbaros
1509 819 1660 868 victo-

162 905 267 955 riae
293 905 452 954 Deum
478 918 766 969 agnoscere.
805 904 916 954 Hoc
943 904 1132 954 demum
1158 909 1234 954 est
1259 906 1453 954 sacrum
1479 904 1662 954 bellum

165 1003 308 1039 sacro
333 989 476 1039 modo
504 1005 711 1053 gerere3
736 1005 835 1038 non
850 1004 957 1038 cum
973 988 1168 1052 ingenti
1182 989 1490 1038 meretricum
1501 988 1661 1049 turba,

163 1074 234 1124 uti
256 1073 307 1123 in
333 1074 631 1138 quibusdam
656 1074 936 1124 nationibus
962 1074 1190 1124 factitare
1218 1066 1452 1135 videmus,
1492 1073 1556 1123 ad
1582 1073 1662 1121 de·

163 1158 422 1210 bellandos
437 1160 634 1210 Turcas
658 1159 944 1224 procedere.
971 1158 1265 1209 Imminebat
1290 1159 1389 1208 iam
1415 1159 1520 1209 dies
1548 1158 1659 1207 divo

164 1243 335 1294 Lucae·
356 1259 512 1306 sacer,
546 1259 653 1294 cum
667 1244 893 1306 Barbari,
919 1243 1095 1309 partim
1111 1244 1336 1294 incendio
1352 1244 1523 1306 coacti,
1549 1259 1661 1309 par-

160 1327 248 1377 tim
271 1328 475 1379 instanti
499 1328 726 1393 periculo
754 1329 885 1390 moti,
925 1344 1179 1393 erumpere
1216 1332 1507 1386 statuerunt.
1557 1327 1655 1377 Ita·

164 1427 257 1477 que
282 1413 469 1477 apertis
495 1428 555 1479 ps
565 1412 853 1478 eudothyris
882 1417 931 1461 et
952 1412 1115 1462 caecis
1128 1412 1332 1473 foribus,
1360 1428 1482 1478 quas
1510 1411 1660 1462 conti-

163 1511 261 1546 nua
286 1497 498 1561 quadam
524 1497 843 1546 munitionum
871 1496 1003 1546 serie
1030 1497 1334 1558 obtexerant,
1364 1513 1460 1562 qua
1485 1496 1658 1562 portis,

164 1596 261 1647 qua
285 1581 482 1632 funibus
509 1581 737 1631 demissis
763 1596 853 1646 per
891 1596 1056 1630 muros
1084 1581 1371 1644 agminatim
1405 1587 1660 1645 erumpunt

164 1672 227 1716 ex
252 1666 449 1732 oppido,
491 1671 540 1716 et
582 1682 679 1715 non
705 1681 887 1728 magna
912 1665 1097 1715 nostris
1125 1664 1267 1714 illata
1293 1669 1464 1728 strage
1489 1666 1661 1730 paucis

161 1752 282 1815 fuga
306 1752 371 1801 ad
396 1766 512 1801 suos
539 1751 759 1816 delapsis
786 1765 953 1799 omnes
979 1749 1207 1800 trucidati
1233 1754 1358 1799 sunt.
1400 1748 1602 1799 Periere
1629 1766 1656 1799 e

164 1836 348 1886 nostris
384 1836 528 1901 pauci
565 1836 697 1900 iique
736 1834 918 1895 Siculi,
969 1834 1214 1884 vulnerati
1266 1834 1475 1899 plurimi,
1534 1835 1662 1884 inter

167 1937 290 1985 quos
314 1921 407 1971 fuit
443 1926 492 1971 et
517 1921 734 1971 Michael
773 1920 1005 1985 Kopeczi
1044 1919 1251 1983 egregia
1290 1919 1436 1968 animi
1473 1925 1522 1969 et
1558 1936 1660 1969 cor-

164 2005 301 2069 poris
324 2004 606 2054 fortitudine
643 2005 910 2069 praeditus.
959 2004 1134 2054 Nostri
1172 2004 1333 2053 caesis
1360 2004 1556 2054 circiter
1582 2020 1659 2054 oc-

173 2088 413 2152 tingentis
438 2089 786 2151 Barbarorum,
844 2088 1025 2153 oppido
1075 2088 1217 2153 potiti
1243 2087 1327 2136 Ali
1351 2089 1562 2139 Bassam
1613 2094 1662 2141 et

165 2174 477 2236 Memhetum,
515 2175 597 2238 qui
636 2190 691 2223 se
728 2174 778 2222 in
805 2189 919 2223 arce
947 2174 1316 2234 constituerant,
1354 2174 1494 2223 vivos
1533 2190 1660 2224 com-

163 2258 541 2325 prehenderunt.
605 2244 795 2323 Captus
842 2263 920 2308 est
969 2259 1131 2308 Bassa
1179 2276 1210 2308 a
1246 2260 1410 2324 pedite
1449 2260 1660 2324 quodam

165 2342 404 2408 Vngarici
429 2343 637 2393 nominis
664 2344 746 2407 qui
773 2358 881 2392 cum
907 2343 1362 2408 praesentissimam
1389 2344 1589 2394 caedem
1615 2345 1661 2394 ei

163 2429 441 2490 intentaret,
480 2429 640 2478 Bassa
668 2428 886 2491 periculo
915 2428 1092 2493 capitis
1134 2428 1350 2490 territUS,
1401 2428 1567 2479 Alium
1604 2445 1658 2480 se

166 2514 375 2564 Bassam
399 2528 524 2571 esse,
549 2502 796 2579 promissa
814 2513 1017 2577 ingenti,
1044 2513 1087 2562 si
1114 2518 1410 2576 servaretur,
1437 2515 1657 2579 pecunia,

163 2604 218 2649 ut
240 2597 397 2663 potuit
422 2597 748 2662 significarat;
779 2597 1000 2663 pepercit
1036 2598 1081 2647 ei
1106 2598 1262 2662 miles,
1289 2604 1338 2647 et
1357 2597 1450 2648 DC
1464 2600 1658 2649 circiter

166 2682 331 2734 aureis
357 2683 610 2732 confestim
647 2683 907 2748 privatum,
945 2683 1252 2748 vinctumque
1290 2683 1354 2733 ad
1379 2683 1657 2749 Principem

168 2783 350 2831 magna
375 2782 479 2816 cum
495 2766 686 2817 laetitia
698 2768 912 2818 deduxit.
939 2768 1166 2832 Rogatus
1193 2768 1464 2833 aPrincipe
1478 2769 1656 2831 Bassa,

166 2850 282 2917 quid
308 2851 368 2899 de
394 2850 806 2915 Transylvanicis
845 2852 998 2917 copiis
1021 2852 1290 2913 iudicaret,
1330 2851 1519 2902 sincere
1544 2869 1656 2918 pru-

167 2936 432 2998 denterque
458 2935 726 2999 respondit,
765 2952 862 2985 non
900 2951 1110 3000 magnas
1149 2951 1236 2985 eas
1275 2936 1360 2984 sed
1395 2938 1658 2987 selectissi-

166 3035 272 3071 mas
298 3019 392 3070 sibi
430 3020 903 3085 robustissimasque
944 3020 1128 3082 videri?
1165 3020 1377 3069 Proinde
1414 3036 1510 3072 non
1541 3037 1654 3073 esse
