2112 3288
459 182 560 234 286
916 248 923 256 ⁵
989 197 1049 232 10.
1077 196 1211 232 lmen
1234 197 1431 231 Bmovn

666 618 1017 692 DEOAS
1084 617 1689 693 VNDECIMA.

1083 749 1295 756 ---——.

810 824 1117 887 LIBER
1175 824 1575 887 PRIMVS.

925 1005 1152 1055 CAPVT
1179 1005 1462 1054 PRIMVM.

457 1115 533 1162 De
565 1114 782 1164 Comitiis
811 1115 1103 1175 Aspen-sibus,
1145 1123 1186 1162 et
1214 1115 1347 1163 abitu
1374 1113 1630 1175 Principis
1667 1113 1732 1160 ad
1761 1111 1935 1162 Caesa-

705 1215 803 1246 rem
835 1197 1184 1259 Germanicum,
1214 1215 1271 1246 ccc
1296 1197 1454 1245 reditu
1480 1195 1699 1243 eiusdem.

595 1307 877 1373 Appetebat
925 1307 1018 1356 iam
1058 1322 1211 1357 annus
1250 1306 1423 1356 salutis
1461 1301 1779 1365 MDXOVH,
1829 1319 1934 1355 cum

452 1392 688 1458 Princeps
716 1391 1052 1456 Sigismundus
1064 1393 1124 1441 ad
1152 1390 1316 1441 XXV.
1346 1391 1469 1439 diem
1509 1389 1778 1438 decembris
1793 1388 1936 1438 comi-

449 1477 520 1525 tia
552 1475 730 1525 Albam
780 1476 961 1525 indicit,
1011 1476 1087 1525 Ibi
1123 1491 1216 1524 non
1262 1475 1319 1524 de
1370 1490 1492 1540 pace
1532 1489 1637 1523 cum
1664 1472 1840 1522 Turcis
1866 1473 1934 1524 in-

452 1561 622 1618 eunda,
647 1561 717 1610 uti
743 1576 860 1626 spes
887 1562 1091 1610 omnium
1116 1562 1289 1618 fuerat,
1335 1560 1422 1609 sed
1449 1559 1507 1607 de
1533 1558 1713 1608 tributo
1740 1555 1934 1608 Ordini-

450 1647 540 1695 bus
564 1645 820 1694 indicendo
847 1645 1132 1709 publicaque
1147 1644 1307 1707 Regni
1333 1643 1592 1692 concordia
1615 1642 1796 1691 tuenda
1821 1657 1931 1691 con-

451 1729 608 1778 silium
635 1729 851 1778 habitum
880 1735 966 1777 est.
1019 1728 1173 1788 Quum
1201 1735 1358 1777 autem
1383 1727 1620 1792 Princeps
1660 1727 1722 1776 ad
1749 1723 1931 1775 Caesa-

450 1829 551 1862 rem
590 1812 835 1877 proficisci
873 1813 1124 1876 cogitaret,
1165 1829 1222 1860 ne
1264 1812 1377 1875 quid
1411 1826 1463 1859 se
1491 1810 1692 1858 absente
1718 1808 1931 1858 Michael

450 1897 812 1961 Transalpinae
852 1896 1102 1945 Palatinus
1154 1896 1212 1944 de
1246 1895 1443 1944 foedere
1481 1909 1586 1943 cum
1614 1892 1790 1942 Turcis
1831 1891 1930 1941 ine-

450 1981 575 2030 undo
601 1985 823 2041 tentaret,
862 1980 1023 2029 missis
1062 1980 1247 2028 nunciis
1288 1979 1465 2028 Albam
1505 1994 1611 2028 eum
1649 1981 1836 2027 evocat.
1877 1976 1930 2024 Is

451 2066 646 2129 cognita
685 2064 930 2129 Principis
970 2066 1232 2125 voluntate,
1274 2079 1415 2127 quum
1456 2062 1614 2112 Albae
1652 2066 1798 2112 antea
1833 2075 1929 2110 non

449 2150 636 2210 fuisset,
674 2147 881 2197 libenter
919 2153 1078 2212 paret,
1118 2147 1467 2212 splendidoque
1506 2147 1738 2196 comitatu
1763 2150 1931 2210 septus

455 2233 616 2282 itineri
643 2248 696 2282 se
723 2232 818 2281 dat.
857 2232 965 2292 Qua
1001 2248 1053 2281 re
1081 2237 1283 2296 accepta
1309 2230 1590 2295 Saxopolim
1615 2244 1768 2293 usque
1794 2227 1927 2277 Prin-

451 2333 567 2382 ceps
596 2317 789 2366 obviam
820 2318 865 2366 ei
891 2317 1130 2366 Proceres
1155 2317 1312 2374 mittit,
1340 2322 1388 2365 et
1415 2332 1556 2380 quam
1594 2319 1757 2379 potest
1781 2313 1929 2362 hono-

451 2401 804 2450 rificentissime
831 2399 1009 2450 Albam
1035 2400 1362 2450 deducendum
1388 2405 1539 2449 curat.
1581 2398 1697 2448 Inde
1724 2396 1928 2447 secretis

451 2501 556 2536 cum
583 2500 639 2534 eo
666 2485 846 2533 habitis
874 2485 1317 2546 deliberationibus,
1341 2500 1402 2533 ne
1426 2500 1514 2549 per
1539 2483 1809 2532 absentiam
1834 2481 1926 2530 Pa-

450 2570 590 2619 latini
614 2585 694 2618 res
733 2559 1011 2633 provinciae
1041 2570 1361 2629 turbarentur,
1400 2569 1570 2633 paucis
1606 2573 1719 2632 post
1754 2567 1925 2616 diebus

451 2646 704 2716 magnifice
743 2653 993 2711 donatum,
1032 2668 1091 2701 ac
1127 2653 1405 2716 ingentibus
1443 2652 1697 2718 promissis
1758 2667 1924 2701 onera-

451 2744 548 2787 tum
573 2739 623 2787 in
649 2737 1027 2802 Transalpinam
1062 2738 1274 2786 remittit.
1319 2740 1433 2802 Ipse
1470 2737 1732 2802 assumptis
1762 2751 1924 2786 secum

455 2821 701 2887 Stephano
716 2821 896 2872 Josika
911 2819 1230 2883 CancellariO,
1259 2821 1482 2888 Casparo
1521 2821 1723 2882 Kornis,
1749 2821 1924 2870 Deme-

450 2907 542 2955 trio
559 2906 810 2971 Napragio
837 2906 1359 2972 EpiscopQPancratio
1377 2906 1617 2971 Seunyeio
1638 2905 1796 2954 Aulae
1811 2906 1918 2954 Ma-

453 2991 632 3053 gistrO,
704 2990 907 3040 Nicolao
946 2990 1141 3055 Apaffi,
1197 2992 1476 3054 Volfgango
1505 2987 1566 3054 (P)
1593 2990 1920 3051 Bornemisza‚
