2112 3288
488 158 592 210 250
1022 178 1086 211 10.
1114 178 1246 212 onon
1269 180 1466 215 BARovn

491 293 619 357 quod
644 293 704 343 de
733 292 874 359 Sylla
901 294 1014 343 olim
1038 293 1227 344 Romae
1252 296 1482 347 iactatum
1508 298 1610 356 fuit,
1650 315 1846 363 magno·
1866 316 1970 352 cum

483 377 751 428 animorum
779 379 945 428 dolore
972 378 1213 428 dicerent:
1241 381 1474 430 Excessit
1499 383 1740 431 medicina
1765 384 1973 442 modum,

496 461 788 525 plurimique
836 467 1107 511 metuerunt
1129 501 1139 524 ,
1190 479 1250 513 ne
1309 465 1539 514 intestina
1601 466 1724 516 haec
1795 468 1969 530 seditio

484 560 686 607 gravem
727 545 989 608 aliquando
1019 547 1414 613 Transylvaniae
1442 549 1628 598 cladem
1667 550 1878 601 allatura
1900 553 1969 602 fo-

482 635 570 677 ret.
599 631 791 678 Inventi
816 634 928 678 sunt
943 635 1002 678 >et
1016 631 1143 680 tales
1158 632 1301 694 gravi
1313 632 1488 681 iudicio
1502 634 1714 698 praediti
1738 634 1970 698 homines,

484 714 566 776 qui
592 714 655 762 ad
681 714 886 764 officium
914 714 1159 779 Principis
1184 717 1431 780 pertinere
1457 718 1687 780 dicerent,
1724 725 1776 768 ut
1801 705 1967 772 crude-

481 797 653 847 liorem
679 797 805 847 iusto
833 798 1104 848 nobilitatis
1131 796 1180 847 in
1205 800 1427 863 plebeios
1454 802 1764 860 dominatum,
1808 787 1968 868 legiti-

480 897 586 931 mus
612 882 845 931 cancellis
872 882 1135 945 mitigaret,
1163 899 1224 932 ne
1251 884 1435 933 rustica
1473 887 1727 936 multitudo
1763 888 1968 950 durissi-

460 982 590 1015 smae
632 967 905 1026 servitutis,
943 967 1418 1032 intolerabiliumque
1463 985 1683 1029 onerum,
1723 972 1898 1035 quibus
1938 990 1968 1023 a

477 1050 732 1100 nobilitate
757 1055 957 1115 praeter
983 1067 1188 1114 aequum
1227 1058 1274 1101 et
1300 1054 1476 1104 bonum
1513 1061 1819 1119 gravaretur,
1857 1073 1966 1122 per-

476 1140 631 1194 taesa,
669 1135 866 1184 tandem
904 1136 1065 1184 civilia
1105 1136 1322 1196 dissidia,
1361 1138 1429 1185 uti
1467 1153 1616 1202 saepe
1644 1155 1842 1189 numero
1867 1141 1964 1207 iam

476 1220 708 1279 evenerit,
736 1221 950 1269 excitare
976 1226 1246 1283 cogeretur.

924 1566 1155 1618 CAPVT
1195 1569 1530 1630 QVINTVM.

477 1690 553 1740 De
596 1688 729 1738 clade
757 1689 1007 1753 copiarum
1040 1690 1453 1741 T'o'miisvariensz's
1478 1689 1675 1755 Βαεὲαε,
1715 1688 1965 1759 eodemque

1136 1775 1311 1839 elapso.

617 1896 715 1945 Vix
740 1886 863 1944 haec
887 1895 1198 1955 resederant,
1226 1911 1332 1944 cum
1360 1911 1472 1945 ecce
1511 1912 1686 1946 novum
1724 1898 1783 1947 de
1821 1899 1960 1950 clade

474 1982 902 2032 Tomosvariensis
927 1982 1119 2030 Bassae
1151 1982 1459 2044 evangelium
1486 1987 1786 2046 apportatur.
1828 1983 1958 2032 Eva-

476 2071 610 2115 serat
653 2066 697 2114 is
736 2081 889 2131 nuper
927 2081 986 2113 ex
1025 2065 1164 2114 clade
1191 2065 1528 2126 Facsadiensi,
1566 2066 1960 2130 provinciamque

475 2165 611 2198 suam
639 2165 699 2198 ex
727 2165 784 2198 eo
811 2154 1028 2212 tempore
1055 2149 1102 2196 in
1130 2155 1228 2197 tam
1256 2149 1516 2212 desperato
1543 2165 1702 2198 rerum
1731 2150 1960 2199 'l'urcica-

475 2249 578 2282 rum
618 2239 748 2282 statu
786 2232 1018 2281 mediocri
1058 2248 1162 2281 cum
1189 2232 1333 2281 laude
1367 2233 1805 2283 administraverat.
1837 2233 1959 2283 Sub-

484 2317 680 2365 stitutus
708 2322 782 2364 est
809 2316 853 2364 ei
891 2331 1057 2364 mense
1084 2317 1312 2365 Ianuario
1350 2332 1504 2365 novus
1529 2317 1703 2378 Bassa,
1743 2332 1836 2381 quo
1865 2317 1960 2366 Τὸ-

476 2403 753 2448 mosvarum
778 2399 1018 2461 ingress0‚
1049 2400 1173 2447 alter
1200 2400 1283 2447 ille
1297 2401 1660 2463 proconsularis
1679 2401 1958 2465 praefectus

475 2500 562 2533 seu
586 2485 772 2534 Budam
806 2484 961 2532 iturus
1002 2484 1064 2532 ad
1103 2483 1463 2547 suscipiendum
1496 2485 1778 2548 provinciae
1811 2485 1958 2550 impe—

474 2569 610 2629 rium,
651 2584 736 2617 seu
763 2559 867 2617 cum
904 2568 1091 2616 familia
1130 2568 1399 2631 opibusque
1438 2569 1661 2618 omnibus
1700 2570 1750 2618 in
1775 2570 1955 2619 tutiora

475 2645 801 2700 Tiimosvario
830 2650 1172 2713 emigraturuS‚
1213 2651 1599 2714 octingentorum
1626 2653 1832 2715 circiter,
1861 2669 1956 2717 qua

474 2736 686 2799 equiturn
725 2750 819 2798 qua
850 2734 1077 2798 peditum,
1117 2739 1365 2783 catervam
1403 2736 1653 2785 custodiae
1691 2751 1841 2786 causa
1878 2752 1953 2786 se-

474 2823 578 2868 cUm
604 2819 845 2868 trahebat.
874 2817 1221 2866 Inaudiverant
1234 2806 1354 2867 illud
1367 2819 1510 2868 liberi
1523 2820 1729 2883 pediteS,
1753 2820 1953 2869 faetum-

475 2918 567 2966 que
593 2902 815 2950 fortunae
842 2899 1123 2964 periculum,
1153 2905 1201 2948 et
1215 2901 1373 2965 quasi,
1401 2902 1470 2950 uti
1495 2917 1599 2950 mos
1616 2901 1838 2951 militaris
1866 2908 1953 2963 est,

472 2986 585 3038 novi
618 2986 732 3034 anni
761 2985 918 3033 aleam
947 2984 1133 3044 iacturi‚
1162 2984 1280 3033 duce
1295 2986 1506 3035 Martino
1522 2986 1724 3046 Horvat‚
1751 2987 1954 3057 traiecto
