2112 3288
614 180 677 212 nh·
700 179 806 211 REB.
836 178 947 210 VNG.
975 177 1085 210 nno.
1113 179 1157 209 x.
1185 180 1228 210 L.
1256 180 1337 211 vn.
1630 166 1728 216 133

235 300 517 358 devastanS,
558 310 723 345 mense
764 295 890 344 Iulio
935 294 1186 343 laurinum
1233 295 1426 344 obsedit
1463 297 1645 355 urbem,
1685 304 1733 346 et

232 388 407 435 natura
433 387 481 431 et
506 380 738 445 operibus
766 379 916 428 totius
945 378 1197 442 Vngariae
1220 379 1606 428 munitissimam.
1626 382 1732 429 Iau-

234 468 405 529 rimlm,
421 465 549 514 alias
576 464 789 520 Iauruml
819 462 903 512 ubi
929 461 1046 513 olim
1075 462 1362 526 Bregetium
1394 462 1503 523 fuit,
1528 462 1734 512 Arabon

232 550 387 602 amnis
403 548 566 611 alluit,
592 548 677 613 qui
704 548 851 597 etiam
879 546 1178 597 Germanica
1203 547 1373 610 lingua
1388 546 1531 597 Rabe
1556 563 1732 596 nomen

233 635 280 686 ei
310 633 564 684 attribuit:
604 638 654 682 et
691 648 798 682 cum
835 633 905 682 ibi
931 632 1212 682 Danubium
1250 631 1437 694 influat,
1466 632 1677 682 insulam
1703 649 1732 681 a

231 717 496 783 conspectu
520 717 655 779 facit,
669 718 1037 782 inauditamque
1051 717 1190 766 urbis
1204 716 1545 766 firmitudinem
1558 717 1730 765 mirum

228 804 278 855 111
301 803 496 853 modum
523 782 915 866 augethoenia
940 803 1092 852 habet
1117 803 1264 866 intus,
1293 807 1342 851 et
1367 807 1508 851 extra
1535 802 1729 867 aggeri—

227 889 320 939 bus
346 886 604 949 offirmata,
647 902 772 950 quae
810 902 872 936 ne
909 887 1198 936 bellicorum
1234 890 1587 936 tormentorum
1626 886 1730 935 icti-

227 973 319 1023 bus
346 971 446 1021 sint
471 970 698 1032 obnoxia,
725 971 978 1037 perpetuis
1006 976 1302 1021 coronantur
1328 971 1642 1031 ambulacris,
1682 976 1730 1020 et

222 1057 271 1106 in
306 1071 519 1106 coronae
557 1055 774 1121 speciem
824 1057 1149 1122 superbarum
1197 1056 1403 1106 turrium
1447 1055 1729 1120 frequentia

222 1141 523 1193 excoluntur.
574 1141 760 1191 Earum
798 1141 1040 1205 quaedam
1086 1158 1116 1190 a
1170 1141 1428 1205 quadratis
1479 1140 1728 1206 lapidibus

222 1224 662 1290 quadrangulares‚
689 1226 955 1275 nonnullae
982 1226 1212 1275 lateritiis
1250 1225 1490 1276 rotundae
1530 1240 1726 1293 consur-

220 1315 356 1375 gunt,
396 1309 573 1374 quibus
607 1315 875 1372 crateatae,
912 1310 1207 1375 ferreaeque
1267 1310 1432 1359 insunt
1476 1310 1729 1359 fenestrae

221 1399 368 1460 atque
406 1395 572 1444 ferrea
611 1395 753 1456 ostia,
793 1400 846 1445 ut
883 1395 944 1444 iis
985 1400 1157 1444 contra
1195 1395 1407 1445 insultus
1434 1394 1726 1452 muniantur,

217 1479 377 1533 foveis
428 1464 735 1529 obducuntur
784 1480 998 1544 undique
1042 1479 1233 1534 moenia
1278 1479 1422 1540 latis,
1476 1479 1614 1528 iuxta
1652 1483 1722 1527 at-

218 1579 313 1629 que
361 1563 647 1628 profundis,
699 1569 748 1613 et
799 1557 928 1628 quod
976 1564 1237 1629 plurimum
1287 1564 1351 1612 ad
1389 1564 1539 1613 robur
1594 1563 1725 1624 facit7

220 1649 423 1699 duorum
449 1648 881 1698 celeberrimorum
907 1638 1178 1706 fluidorum,
1214 1649 1434 1698 Danubii
1462 1666 1522 1698 ac
1536 1648 1724 1708 Babae,

219 1732 514 1785 confluentia
539 1733 831 1783 muniuntur.
861 1732 1026 1798 Supra
1051 1739 1223 1798 portas
1276 1733 1414 1782 urbis
1454 1733 1725 1798 quadratae

216 1824 377 1870 turres
404 1822 720 1882 consurgunt,
749 1823 848 1867 tam
873 1818 1102 1879 munitae,
1129 1822 1181 1867 ut
1206 1817 1439 1883 impetum
1484 1832 1724 1882 quemque

217 1903 488 1955 maximum·
506 1903 654 1953 facile
693 1903 985 1953 sustineant.
1015 1902 1264 1952 Suburbia
1295 1902 1510 1967 undique
1541 1902 1724 1952 circum

218 1988 432 2040 maxima
458 1987 793 2050 effundunturf
809 1990 1080 2053 urbemque
1120 1988 1251 2038 haud
1280 1987 1438 2045 aliter,
1477 2003 1536 2036 ac
1561 2001 1723 2036 arcem

174 2084 178 2086 ’
219 2074 618 2138 complectuntur.
646 2072 784 2123 Vrbs
809 2074 937 2138 ipsa,
962 2079 1163 2138 praeter
1206 2089 1371 2123 arcem
1406 2073 1456 2120 in
1483 2072 1593 2137 ripa
1619 2071 1721 2120 Da-

220 2157 357 2208 nubii
383 2158 506 2208 miro
534 2163 834 2208 exstructam
862 2159 1086 2220 artificio,
1114 2158 1341 2208 aedificia
1366 2157 1518 2206 habet
1555 2171 1722 2222 super-

217 2241 437 2306 bissima,
465 2247 515 2292 et
541 2258 648 2293 cum
675 2244 795 2293 urbs
820 2248 927 2293 tota
965 2243 1029 2293 sit
1067 2243 1284 2306 pensilis,
1327 2243 1459 2292 infra
1499 2241 1594 2290 soli
1620 2242 1723 2306 pla-

216 2327 385 2379 nitiem
435 2328 774 2378 subterraneis
818 2327 1037 2377 abundat
1074 2328 1363 2389 fornicibus,
1418 2325 1721 2389 vinariisque

218 2411 358 2462 cellis
384 2428 566 2476 magna
590 2413 814 2475 laxitate,
842 2413 906 2463 ad
935 2429 1104 2463 omnes
1125 2428 1245 2464 usus
1273 2410 1720 2463 accommodatissi-

216 2496 322 2546 mis.
349 2495 508 2548 Multa
531 2498 582 2547 in
608 2514 667 2548 ea
691 2498 830 2548 fuere
857 2498 1168 2549 sacerdotum
1197 2497 1427 2562 collegia,
1455 2495 1720 2545 sanctimoz

221 2579 421 2630 nialium
445 2581 678 2642 claustra,
720 2588 769 2632 et
806 2587 987 2644 cetera,
1034 2599 1160 2647 quae
1191 2582 1330 2632 urbis
1357 2579 1716 2647 praestantiam

221 2663 371 2727 vulgo
420 2665 670 2729 adaugere
712 2667 1002 2717 iudicantur.
1053 2667 1327 2717 Firmitudo
1380 2664 1574 2729 quidem
1613 2662 1717 2712 eius

222 2751 374 2810 tanta,
398 2753 452 2799 ut
475 2750 557 2800 vel
581 2749 828 2802 Viennam
862 2753 1121 2803 multorum
1155 2751 1334 2801 iudicio
1370 2763 1608 2812 superare
1647 2747 1717 2815 vi-

223 2831 412 2891 deatur,
440 2833 620 2899 quippe
658 2837 734 2886 cui
772 2851 869 2886 non
910 2836 1068 2887 solum
1095 2835 1322 2900 Vngaria
1356 2847 1526 2898 parem
1553 2830 1717 2894 ullam,

224 2916 314 2969 sed
338 2932 399 2966 ne
426 2915 695 2968 Germania
721 2921 914 2984 quidem
940 2923 1121 2971 multas
1141 2920 1326 2970 similes
1339 2915 1579 2966 habuerit.
1593 2916 1716 2964 Eam

226 3016 393 3051 omnes
431 2999 703 3053 Christiani
740 3005 911 3071 populi
949 3008 1299 3072 speraverant÷
1340 3006 1389 3052 et
1430 3000 1624 3052 collatis
1652 2999 1716 3067 ad
