2112 3288
539 194 604 226 nn
623 194 731 227 nnn.
758 194 868 227 VNG.
896 194 1006 227 Due.
1033 195 1077 227 x.
1105 195 1148 226 L.
1176 195 1220 227 x.
1502 200 1510 203 -
1542 177 1639 227 281
1696 212 1699 217 »

150 315 276 365 inter
317 312 444 362 alios
482 311 576 361 duo
613 310 795 359 fratres
822 310 1082 358 Holsatiae
1124 310 1391 375 PrincipeS,
1445 326 1647 375 quorum

150 398 396 449 cadavera
415 394 727 446 Christianus
745 393 1135 444 Anhaldinorum
1150 395 1388 459 Princeps
1406 396 1647 446 maximae

148 480 328 540 indolis
363 479 668 531 Leucsoviae
693 484 870 544 postea
896 479 1164 528 tumulavit.
1192 481 1316 528 ltem
1347 480 1650 529 Venceslaus

148 566 431 633 Poppelius,
452 564 800 630 Prettipskius‚
829 564 1210 614 Pomeranorum
1238 565 1649 628 Brandeburgen-

149 653 274 703 sium
290 650 505 715 equitum
524 649 774 713 magister,
790 648 887 698 dux
917 649 1223 699 Bavarorum
1253 645 1315 715 (9)
1343 648 1650 698 Plettenber-

150 737 276 802 gine,
307 752 370 785 ex
395 734 672 798 legionibus
710 733 932 798 plerique
960 733 1284 794 centuriones,
1311 733 1551 798 praefecti
1590 749 1650 783 ac

151 820 387 886 signiferi.
427 818 471 867 E
517 818 882 883 Transylvanis
920 818 1067 883 periit
1108 817 1454 882 sigismundus
1494 816 1651 867 Csaki

151 911 352 959 nostrae
389 905 438 954 in
480 902 752 954 Germania
784 903 1199 969 peregrinationis
1227 918 1406 961 comes,
1440 903 1655 952 Michael

151 990 403 1050 Gziereni,
441 990 756 1054 Volfgangus
807 989 1142 1050 Bornemisza,
1202 990 1412 1038 Ioannes
1439 987 1653 1054 Polyak,

153 1080 203 1126 et
254 1074 531 1140 complures
570 1074 668 1136 alii,
709 1089 911 1138 quorum
939 1075 1218 1138 catalogum
1257 1089 1518 1124 recensere
1556 1075 1658 1123 lon-

153 1177 268 1227 gum
303 1161 445 1210 foret.
497 1159 556 1208 In
592 1159 654 1208 iis
692 1160 831 1209 fuere
870 1165 919 1209 et
945 1158 1141 1225 Caspar
1190 1176 1247 1209 ac
1273 1162 1487 1211 Ioannes
1513 1159 1658 1209 Decii

152 1247 417 1312 populares
451 1245 572 1306 mei,
612 1245 694 1309 qui
733 1246 1015 1295 Debrecino
1066 1246 1130 1295 ad
1166 1246 1406 1311 praelium
1451 1245 1660 1311 profecti

156 1348 216 1381 ac
241 1331 460 1397 peditum
504 1330 787 1389 cohortibus
825 1331 1051 1392 adiuncti,
1091 1338 1266 1397 sponte
1298 1333 1518 1397 pulcram
1568 1345 1658 1396 pro

150 1416 314 1483 patria
342 1420 547 1472 mortem
572 1416 755 1465 obiere.
783 1415 1002 1481 Campus
1041 1417 1473 1467 Keresztesiensis
1498 1432 1559 1466 ex
1584 1416 1655 1464 in-

152 1501 284 1566 signi
309 1500 450 1550 clade
488 1500 698 1550 illustris
738 1506 814 1549 est
851 1501 1066 1561 habitus,
1106 1501 1355 1552 cadavera
1381 1499 1656 1550 Turcarum

153 1587 217 1637 ab
242 1586 306 1636 iis
343 1590 507 1635 terrae
549 1589 662 1634 sunt
699 1585 944 1643 mandata,
985 1591 1155 1635 cetera
1192 1587 1244 1635 in
1268 1587 1498 1650 ingentes
1525 1601 1657 1634 acer-

155 1685 248 1723 vos
273 1670 592 1732 accumulata,
621 1669 775 1719 donec
802 1686 832 1718 a
860 1671 1066 1721 canibus
1092 1672 1364 1722 vicinarum
1402 1670 1658 1735 regionum

154 1757 546 1818 absumerentur,
596 1756 667 1805 ita
703 1760 757 1805 ut
798 1754 1134 1822 compluribus
1173 1772 1339 1807 eorum
1375 1756 1429 1804 in
1468 1755 1657 1805 rabiem

154 1841 294 1900 actis,
320 1840 452 1890 haud
477 1845 581 1890 tuto
607 1841 747 1890 locus
774 1840 818 1890 is
845 1840 907 1890 ab
922 1841 1201 1891 hominibus
1227 1841 1532 1906 frequentari
1545 1855 1658 1906 pos—

154 1932 244 1977 set.
270 1926 326 1975 In
352 1940 584 1975 saxorum
622 1940 806 1974 morem
831 1926 970 1975 locus
996 1925 1040 1974 is
1079 1926 1239 1974 adhuc
1278 1925 1476 1974 ossibus
1519 1941 1659 1990 oper-

152 2015 231 2061 tus
257 2015 346 2071 est,
373 2025 464 2059 nec
488 2015 625 2059 terra
650 2010 720 2058 ibi
762 2010 858 2059 coli
899 2010 1026 2059 citra
1064 2012 1288 2060 crebram
1328 2006 1657 2077 armorumfin-

158 2094 440 2145 ventionem
464 2093 566 2143 ullo
591 2098 740 2158 pacto
767 2099 946 2159 potest.
986 2095 1353 2144 Maximilianus
1380 2110 1486 2144 cum
1513 2111 1656 2160 expe-

155 2178 412 2230 ditissimis
451 2177 880 2244 cataphractorum
934 2180 1263 2230 Leucsoviam
1301 2195 1494 2237 versus,
1545 2195 1658 2228 mox

155 2264 349 2315 XXIV.
389 2263 639 2312 novembr.
680 2258 809 2312 vcum
860 2278 948 2312 sex
988 2264 1125 2313 cisiis
1165 2263 1411 2314 Viennam
1449 2264 1655 2329 appulit,

151 2349 320 2413 ibique
359 2346 885 2410 Schwarzenbergium
913 2364 1022 2398 cum
1051 2348 1343 2412 quibusdam
1370 2348 1484 2398 aliis
1509 2364 1651 2413 prae-

151 2434 294 2485 fectis
329 2433 529 2483 invenit.
568 2432 808 2497 Princeps
850 2432 1194 2497 Sigismundus
1229 2434 1439 2499 primum
1472 2433 1658 2483 Tokai-

158 2535 286 2579 num,
312 2535 424 2569 mox
449 2518 563 2567 inde
588 2518 639 2567 in
666 2518 1103 2584 Transylvaniam,
1131 2525 1313 2584 quanto
1339 2519 1497 2584 potuit
1523 2518 1657 2568 ocius

156 2604 318 2654 redire
367 2603 637 2663 festinavit,
653 2604 905 2654 affirmans
921 2606 1077 2655 solam
1094 2605 1498 2655 Germanicorum
1526 2604 1657 2667 equi-

156 2695 256 2740 tum
281 2690 452 2752 fugam
476 2688 620 2738 huius
647 2689 719 2738 rei
744 2705 943 2740 causam
966 2691 1135 2741 fuisse.
1179 2690 1277 2740 Sed
1304 2695 1354 2738 et
1380 2688 1655 2738 Turcarum

157 2772 382 2841 plerique
406 2771 504 2821 rati
543 2786 596 2820 se
634 2773 806 2834 victos,
845 2775 1143 2824 effusissima
1169 2790 1223 2824 se
1249 2774 1371 2837 fuga
1408 2772 1658 2837 proripue-

159 2861 285 2918 runt,
325 2861 375 2905 et
400 2871 498 2920 qua
524 2856 695 2920 cuique
721 2859 993 2922 proximum
1018 2860 1124 2921 fuit,
1165 2859 1475 2920 diffugerunt.
1501 2858 1580 2907 Ea
1604 2873 1658 2907 re

161 2940 433 3004 divulgata,
460 2939 673 2991 Sinanus
700 2942 876 3004 Bassa,
904 2961 1047 3009 quem
1075 2944 1266 2994 Caesar
1291 2942 1480 3007 Agriae
1518 2958 1658 3007 prae-

102 3050 105 3058 ·
162 3028 366 3087 fecerat,
395 3042 558 3076 arcem
584 3042 643 3077 ac
669 3027 899 3092 oppidum
931 3029 1115 3090 refecit,
1156 3044 1214 3079 ac
1251 3027 1417 3076 decem
1456 3026 1657 3078 millium
