2112 3288
451 167 566 218 138·
981 184 1046 217 10.
1075 185 1207 218 1111611
1232 185 1428 219 BARovn

445 306 685 351 momento
710 306 947 362 recentes,
987 317 1046 350 ac
1081 302 1228 363 longe
1261 303 1428 366 plures
1455 302 1671 367 depulsis
1698 302 1925 352 succede-

445 386 575 434 bant.
603 384 871 449 Postquam
895 390 1031 434 tanto
1057 385 1224 434 furore
1248 385 1474 447 Barbari,
1503 387 1680 435 multos
1707 385 1812 434 dies
1841 402 1925 452 op-

443 469 729 534 pugnationi
777 469 1074 529 insisterent,
1126 483 1217 517 nec
1263 468 1518 533 quicquam
1567 470 1663 518 iam
1713 468 1820 534 spei
1863 468 1924 518 de

442 553 639 602 auxiliis
666 553 1007 603 submittendis
1035 568 1297 617 superesse
1311 554 1571 615 videretur,
1599 552 1925 619 oppidanique

442 640 621 702 partim
645 638 784 687 ruina
810 637 933 686 muri
972 637 1177 698 disiecti,
1219 638 1397 702 partim
1434 643 1570 688 tanto
1607 638 1818 687 hostium
1852 638 1924 687 fu-

442 737 566 782 rore,
594 737 886 785 suorumque
914 721 1147 770 caedibus
1174 723 1471 772 consternati
1503 723 1725 783 fuissent,
1752 722 1924 772 Ferdi-

441 806 628 856 naudus
667 805 967 866 Hardekius,
1019 806 1153 855 cuius
1194 811 1242 855 et
1283 821 1432 871 supra
1471 807 1670 870 dignam
1720 807 1922 857 fecimus

370 886 373 889 ”
441 890 743 948 mentionem,
769 889 1059 952 proditionis
1085 905 1190 938 cum
1216 890 1411 939 Davide
1437 889 1642 954 Vngnat
1676 890 1774 939 iam
1797 891 1922 940 bene

441 974 677 1033 conscius,
717 978 765 1021 et
800 972 894 1021 hac
933 973 1190 1022 occasione
1227 973 1456 1022 utendum
1493 979 1644 1035 ratus,
1671 974 1921 1038 ,primores

440 1059 655 1118 militum,
694 1058 775 1122 qui
811 1058 909 1107 iam
946 1059 1088 1123 pauci
1127 1065 1430 1123 supererant,
1458 1064 1708 1117 convocat,
1735 1063 1784 1108 et
1808 1058 1923 1123 quid

437 1144 569 1192 facto
602 1158 723 1207 opus
762 1143 827 1191 sit
866 1143 1105 1206 disquirit.
1143 1141 1264 1191 Cum
1301 1144 1524 1207 plerique
1556 1158 1718 1192 eorum
1745 1157 1923 1207 nequa-

440 1242 584 1290 quam
612 1226 904 1276 deditionem
944 1241 1055 1275 esse
1095 1217 1368 1276 faciendam
1408 1232 1768 1287 asseverarent,
1793 1225 1922 1276 Har-

438 1310 611 1359 dekius
650 1315 851 1359 ostensa
891 1311 1013 1359 muri
1053 1311 1274 1359 succensi
1312 1311 1476 1379 ruina,
1515 1311 1818 1371 tumulorum,
1859 1325 1920 1359 ex

438 1395 612 1459 quibus
640 1400 1019 1459 oppugnaretur,
1034 1395 1411 1459 propinquitate,
1438 1395 1650 1445 hostium
1673 1394 1787 1444 item
1802 1395 1919 1444 mul·

434 1478 639 1527 titudine
666 1494 725 1527 ac
749 1478 902 1538 rabie,
931 1494 990 1526 ac
1016 1493 1211 1527 suorum
1238 1478 1499 1542 paucitate,
1525 1478 1790 1542 persuadet
1816 1482 1920 1527 tan-

438 1562 546 1610 dem
571 1561 686 1622 illis,
723 1565 776 1610 ut
813 1562 944 1624 pacti
983 1561 1206 1621 salutem,
1247 1562 1488 1611 Barbaris
1513 1562 1682 1611 urbem
1706 1562 1917 1611 tradantss

578 1646 707 1709 Ipse,
734 1660 788 1694 re
815 1659 921 1692 cum
947 1642 1126 1694 Sinano
1154 1646 1278 1693 clam
1306 1645 1669 1704 communicata,
1703 1644 1920 1710 acceptis
1977 1706 1980 1709 f

434 1730 483 1777 in
509 1729 776 1793 praemium
802 1727 1106 1792 proditioniS,
1146 1727 1443 1791 octuaginta,
1482 1733 1535 1777 ut
1572 1729 1722 1790 aiunt,
1750 1742 1918 1778 aureo-

432 1828 536 1861 rum
562 1811 792 1871 millibus,
821 1811 1064 1861 destinato
1092 1813 1155 1861 ad
1180 1812 1231 1860 id
1258 1812 1335 1860 die
1363 1826 1423 1860 ex
1438 1812 1559 1860 urbe
1585 1811 1762 1875 prodit,
1790 1827 1918 1861 eam-

434 1911 527 1959 que
554 1895 732 1944 Turcis
761 1895 906 1944 dedit.
947 1895 1098 1945 Aiunt
1138 1895 1382 1957 Sinanum,
1420 1897 1503 1945 ubi
1543 1895 1827 1946 Hardekius
1853 1897 1917 1945 ad

433 1995 540 2028 eum
566 1979 812 2028 salutandi
833 1994 983 2028 causa
1011 1980 1246 2029 deductus
1272 1979 1461 2039 fuisset,
1479 1979 1688 2028 <comiter
1713 1994 1820 2028 eum
1836 1979 1916 2029 de-

432 2063 674 2123 mulsisse,
703 2069 752 2112 et
777 2064 1011 2113 laudasse
1038 2064 1142 2113 eius
1157 2063 1563 2124 benevolentiam,
1586 2068 1775 2123 ceteros
1792 2061 1917 2114 Ger-

437 2163 610 2196 manos
636 2148 867 2197 conviciis
895 2149 1136 2210 affecisse,
1187 2154 1235 2196 et
1271 2152 1324 2196 ut
1349 2147 1591 2196 Viennam
1630 2148 1758 2208 ituri,
1809 2164 1916 2198 eam

433 2246 636 2295 quoque,
662 2232 745 2280 ubi
771 2237 962 2296 tempus
991 2238 1137 2293 esset,
1166 2232 1262 2280 sibi
1286 2231 1550 2290 traderent,
1578 2246 1684 2280 cum
1704 2231 1914 2281 ludibrio

432 2314 693 2362 monuisse.
724 2313 935 2363 Sinanus
962 2315 1084 2363 tanti
1110 2315 1337 2364 momenti
1374 2315 1510 2375 urbe,
1550 2329 1607 2362 ac
1630 2315 1781 2364 totius
1805 2314 1912 2364 fere

431 2396 699 2446 Christiani
726 2398 860 2447 orbis
885 2399 1252 2463 propugnaculo
1267 2398 1648 2462 potituS,ruinas
1675 2398 1779 2448 eius
1805 2414 1915 2448 con-

430 2481 594 2531 festim
619 2481 794 2542 reficit,
849 2483 1211 2540 commeatibUS,
1237 2481 1567 2546 militibusque
1602 2482 1828 2546 complet,
1867 2487 1915 2532 et

429 2564 679 2630 praefecto
719 2565 763 2613 ei
802 2559 942 2628 Bego
980 2565 1081 2626 illo,
1133 2565 1213 2628 qui
1241 2563 1537 2628 Strigonium
1579 2569 1912 2626 conservarat,

430 2646 573 2698 motis
599 2648 713 2698 inde
739 2649 918 2698 castris
946 2646 1303 2698 Comaromium
1336 2648 1530 2698 obsidet
1555 2645 1615 2713 ²¹⁸).

570 2927 607 2972 ὓ)
629 2927 750 2973 Eddig
769 2928 990 2966 Kovachich
1008 2926 1118 2972 1111411,
1139 2939 1162 2963 a
1180 2928 1285 2964 tobbi
1304 2939 1348 2964 az
1369 2928 1559 2977 egyetemi
1579 2926 1775 2964 eodexbssl.
1809 2928 1848 2963 T.
1867 2928 1908 2962 F.
