2112 3288
572 216 637 249 nn
662 214 770 249 REB.
795 213 910 247 vrso.
939 212 1049 246 nnc,
1076 213 1124 246 x,
1152 213 1197 247 L.
1224 213 1308 247 vn.
1537 233 1543 236 »
1600 197 1703 248 145
1729 247 1733 251 ,

201 333 339 384 cicae
375 330 653 400 tyrannidis
691 329 971 380 desciscere
1029 328 1224 377 omnino
1265 333 1490 379 statuere
1524 325 1604 393 ⁴¹).
1644 329 1704 377 Id

205 432 300 482 quo
333 414 403 476 ⁴⁵)
429 414 590 478 magis
618 419 668 463 et
707 412 1023 484 sigismundo
1039 410 1261 476 Principi
1287 416 1336 461 et
1363 412 1478 460 aliis
1496 410 1708 460 Christi-

203 492 284 550 ani
309 498 526 548 foederis
564 497 854 562 proceribus
892 495 1279 560 persuaderent:
1306 510 1403 544 uno
1439 495 1708 557 eodemque

202 587 423 647 tempore
449 582 514 631 ad
538 582 590 630 id
605 581 867 643 destinato,
894 578 1064 629 Aaron
1078 579 1129 628 in
1142 578 1526 643 metropolitano
1541 577 1705 641 Regni
1778 621 1779 624 ,

204 666 281 716 sui
306 666 502 732 oppid0‚
543 666 675 730 quod
726 666 912 715 Forum
954 665 1210 728 Jazygum
1251 664 1403 726 vulgo
1443 663 1712 728 appellant,

201 748 418 800 Michael
479 749 804 799 Bokerestini
838 747 908 808 ⁴⁶)
938 745 940 749 ’
975 748 1158 813 oppido
1211 764 1241 795 a
1280 748 1429 796 boum
1478 746 1710 795 cornibus

203 832 267 883 ob
291 847 589 899 pascuorum
614 832 904 882 felicitatem
931 831 1049 882 olim
1075 846 1257 893 graece
1297 831 1610 880 denominato
1631 826 1711 894 4⁷),

207 917 403 968 Turcas
430 932 630 979 omneS,
672 917 946 981 quicunque
987 914 1293 981 deprehendi
1335 915 1420 975 ibi,
1449 920 1498 964 et
1523 929 1711 963 accom-

202 1000 416 1051 modatis
442 1001 506 1051 ad
529 1002 581 1051 id
608 1001 799 1051 artibus
827 1015 884 1050 eo
912 1000 1046 1050 allici
1083 1004 1364 1065 potuerunt,
1417 1015 1479 1049 ex
1518 1013 1712 1062 compo-

203 1084 299 1134 sito
324 1084 710 1145 trucidaverunt,
751 1089 800 1133 et
835 1096 932 1133 non
970 1084 1199 1147 exiguam
1240 1100 1301 1133 ex
1342 1098 1510 1133 eorum
1536 1081 1712 1148 spoliis

203 1168 440 1234 pecuniae
467 1184 704 1218 summam
731 1174 1065 1218 corraserunt.
1118 1168 1239 1217 Mox
1280 1167 1447 1217 missis
1474 1167 1526 1215 in
1552 1167 1710 1215 Tran-

205 1251 486 1317 sylvaniam
511 1251 710 1315 legatis,
736 1251 913 1301 foedus
943 1268 1051 1301 cum
1077 1251 1323 1316 Principe,
1363 1251 1512 1300 certis
1551 1250 1712 1314 iisque

206 1336 434 1387 honestis
455 1336 816 1387 conditionibus
854 1337 1080 1394 inierunt,
1133 1350 1350 1400 seseque
1389 1340 1438 1384 et
1466 1334 1637 1383 vivere
1663 1339 1712 1383 et

205 1422 330 1472 mori
378 1437 486 1471 cum
537 1419 812 1470 Christiani
859 1420 1078 1470 foederis
1119 1419 1326 1470 ducibus
1364 1418 1713 1484 paratissimos

205 1520 334 1561 esse,
354 1504 550 1556 solenni
573 1504 886 1554 iureiurando
913 1504 1107 1568 utrique
1141 1499 1204 1567 ⁴²⁵)
1233 1502 1595 1566 confirmarunt.
1634 1503 1714 1552 Ita

206 1589 349 1639 brevi
372 1594 608 1654 tempore,
636 1604 793 1653 eoque
835 1589 968 1653 quod
992 1588 1188 1638 minime
1216 1587 1428 1637 omnium
1467 1587 1532 1636 ad
1558 1586 1716 1636 defec-
1760 1579 1762 1581 ’

206 1673 389 1724 tionem
435 1672 853 1722 accommodatum
891 1673 1156 1732 videretur,
1192 1676 1298 1721 tres
1323 1687 1424 1721 non
1448 1670 1593 1736 parvi
1617 1686 1717 1721 mo-

206 1757 358 1807 menti
395 1756 642 1822 regiones,
672 1756 1061 1823 Transylvania,
1100 1755 1356 1805 Moldavia
1396 1760 1445 1803 et
1478 1755 1719 1805 Transal-

205 1841 325 1908 pina
355 1839 619 1903 Valachia,
647 1856 774 1905 quae
801 1841 918 1890 olim
942 1841 1192 1904 integram
1219 1839 1428 1888 Daciam
1456 1839 1719 1888 constitue-

206 1914 340 1988 bant,
367 1927 559 1976 occulto
587 1925 799 1990 quodam
838 1925 943 1975 fato
984 1925 1049 1973 ab
1076 1923 1295 1988 Imperio
1324 1923 1538 1972 Turcico
1566 1923 1721 1972 desci-

206 2015 396 2072 verunt,
423 2015 800 2074 ceterarumque
822 2009 1081 2073 regionum
1098 2007 1420 2072 Principibus
1435 2022 1533 2056 non
1546 2022 1720 2072 parum

207 2094 439 2144 momenti
464 2094 751 2144 adsacrum
776 2094 962 2143 bellum
1001 2096 1175 2142 contra
1215 2091 1405 2141 iuratos
1446 2088 1723 2141 Christiani

209 2178 420 2229 nominis
445 2178 618 2229 hostes
643 2178 861 2227 unanimi
888 2177 1098 2227 consilio
1125 2174 1492 2239 suscipiendum
1518 2175 1622 2224 suis
1655 2171 1722 2240 ⁴⁹)

211 2263 452 2328 exemplis
479 2263 761 2314 attulerunt.

355 2668 399 2711 ⁴³)
425 2667 457 2703 E
484 2668 549 2704 szo
579 2665 748 2703 Koa-nal
775 2666 894 2703 niues.

358 2727 400 2771 ⁴⁴)
426 2728 538 2763 Kov.:
564 2731 793 2764 statuerunt.

358 2785 405 2833 ⁴⁵)
432 2788 519 2844 ¹2:92!-
539 2788 614 2822 cod.
637 2786 828 2824 hibasan:
854 2789 958 2833 quod

360 2846 404 2893 ⁴⁸)
431 2847 570 2884 Ertsd:
602 2846 806 2885 Bukurest.

363 2907 407 2953 ⁴⁷)
435 2907 467 2943 E
483 2908 573 2953 hely
600 2919 624 2943 a
648 2905 711 2952 45)
732 2907 1056 2955 jegyzetszamtol
1107 2903 1257 2941 kezdve
1293 2902 1402 2937 nincs
1437 2910 1525 2945 meg
1546 2895 1728 2932 Kovmndl

305 2961 308 2963 Δ
361 2966 404 3011 ⁴⁸)
430 2967 542 3002 Koo..·
567 2967 744 3012 utrinque

364 3025 410 3071 ⁴⁹)
437 3026 524 3071 qu.
543 3026 617 3061 cod.
643 3023 808 3061 hibdsan
834 3024 910 3060 fuit

278 3110 434 3139 nomm.
448 3108 567 3137 nvnc.
580 3109 729 3136 11181.-
744 3107 994 3136 scnff'ronms.
1006 3108 1102 3135 xvn.
1527 3090 1583 3131 10
