2112 3288
435 184 502 233 22
931 197 1014 230 ‚1o.
1042 196 1174 231 Dncn
1197 196 1391 231 BARovn

433 316 616 377 cuncti,
658 315 739 379 qui
765 314 869 364 eius
894 314 966 364 rei
1003 318 1305 379 spectatores
1342 315 1557 375 fuerant,
1596 315 1906 364 affirmarent.

427 399 527 449 Per
554 414 638 448 eos
673 398 777 448 dies
822 398 954 448 aliud
991 398 1134 448 etiam
1172 397 1386 447 eiusdem
1412 399 1609 461 generis
1646 402 1909 447 memoratu

433 483 627 548 dignum
654 483 826 533 evenit.
854 481 974 532 Cum
996 482 1199 533 debello
1213 481 1306 531 hoc
1332 481 1612 531 christianis
1637 481 1925 530 1111110011110,Ἰ

434 568 704 617 sententiae
730 566 938 616 omnium
963 567 1357 630 exquirerentur,
1384 565 1518 614 aiunt
1543 564 1806 625 Mufftium,
1833 579 1909 614 sa-

434 666 624 700 crorum
660 650 789 715 apud
825 665 909 700 eos
947 649 1246 714 Principem,
1286 649 1421 698 cuius
1458 663 1644 698 summa
1684 653 1760 698 est
1779 648 1909 713 apud

434 750 601 784 omnes
627 734 823 784 ordines
849 733 1133 794 authoritas,
1162 733 1393 782 audacter
1417 732 1782 797 pronunciasse,
1806 733 1908 782 bel-

432 821 530 869 lum
553 818 674 867 illud
700 817 795 866 sibi
819 817 1046 866 iniustum
1074 816 1241 877 videri,
1267 816 1472 879 ideoque
1498 821 1547 865 et
1571 831 1681 877 eos,
1719 816 1801 880 qui
1826 806 1908 865 311-

431 909 513 952 tea
537 918 643 951 cum
654 902 816 950 Bassa
828 900 1069 950 Bosnensi
1093 901 1142 948 in
1161 916 1326 963 pugna
1339 899 1644 961 occidissent,
1670 900 1774 949 iure
1799 901 1908 961 sibi,

433 987 494 1035 ob
520 986 752 1034 violatum
777 983 949 1033 foedus
976 998 1149 1032 caesos
1176 998 1300 1042 esse,
1317 983 1598 1046 animasque
1621 983 1718 1032 iam
1743 999 1908 1033 eorum

430 1069 601 1134 poenis
626 1067 945 1116 infernalibus
971 1066 1213 1129 torqueri,
1252 1070 1302 1114 et
1337 1065 1462 1114 alios
1492 1080 1683 1125 omnes,
1722 1066 1803 1129 qui
1827 1081 1908 1128 ge-

430 1152 582 1201 rendo
607 1151 754 1215 impio
778 1151 889 1199 huic
913 1150 1042 1199 bello
1067 1149 1341 1198 interfuturi
1368 1153 1558 1208 essent,
1596 1147 1768 1196 iisdem
1811 1162 1907 1196 om-

429 1236 543 1284 nino
568 1234 738 1283 teneri.
766 1233 906 1293 Quae
931 1247 1012 1282 res
1039 1232 1102 1281 ad
1127 1231 1393 1281 Caesarem
1420 1230 1598 1292 delata,
1623 1235 1723 1280 tam
1748 1232 1847 1280 alte
1858 1231 1908 1280 111

431 1320 534 1368 01118
560 1317 718 1366 31111110
743 1316 945 1376 insedit,
981 1320 1031 1365 ut
1055 1315 1249 1364 minime
1274 1314 1521 1364 ferendam
1547 1314 1642 1363 sibi
1666 1319 1765 1363 tam
1788 1315 1908 1364 libe-

427 1418 531 1451 ram
556 1416 749 1461 vocem,
775 1416 872 1465 qua
897 1400 990 1448 viri
1014 1400 1167 1449 fortes
1193 1398 1255 1448 ad
1285 1399 1465 1448 bellum
1492 1398 1755 1462 gerendum
1793 1414 1905 1463 seg-

428 1486 592 1535 niores
628 1483 970 1543 redderentur,
1009 1488 1169 1543 ratus,
1210 1482 1449 1532 accersito
1475 1482 1728 1531 confestim
1751 1482 1801 1531 in
1826 1497 1907 1532 au*

429 1571 522 1619 lam
550 1569 765 1630 Mufftio,
799 1567 940 1632 quasi
966 1568 1025 1616 de
1052 1567 1195 1616 seriis
1222 1566 1508 1630 quibusdam
1535 1580 1697 1615 secum
1722 1570 1905 1625 actum,

428 1653 555 1703 hunc
590 1653 640 1701 in
677 1652 867 1701 modum
904 1651 1100 1723 vivendi
1137 1651 1279 1699 finem
1316 1649 1634 1714 imposuerit:
1673 1664 1779 1699 cum
1815 1665 1904 1715 pro

429 1736 777 1786 consuetudine
803 1735 944 1785 aulae
971 1735 1163 1800 epulum
1189 1734 1234 1783 ei
1260 1733 1535 1798 appositum
1561 1738 1706 1795 esset,
1730 1733 1816 1782 ille
1846 1749 1904 1783 00

428 1824 650 1885 gustatO,
690 1824 738 1868 et
774 1834 901 1885 pone
939 1818 1090 1867 calice
1126 1817 1329 1878 hausto,
1369 1833 1427 1867 eo
1467 1816 1630 1866 statim
1664 1822 1903 1867 momento

428 1904 732 1953 exanimatus
747 1902 966 1961 concidit,
991 1906 1304 1965 mortuusque
1330 1901 1528 1950 eductus
1553 1901 1656 1961 fuit,
1683 1901 1904 1951 omnibus

428 1988 620 2053 quidem
645 1987 718 2035 rei
750 1985 966 2035 novitate
992 1985 1236 2046 attonitis,
1276 1984 1363 2033 sed
1386 1984 1577 2033 nemine
1601 1988 1787 2045 tamen,
1825 1985 1905 2034 vel

428 2071 579 2136 queri,
605 2071 686 2119 vel
710 2070 903 2119 hiscere
930 2069 1166 2118 duntaxat
1191 2083 1325 2130 auso,
1339 2072 1523 2118 tantum
1550 2067 1645 2116 sibi
1668 2072 1902 2132 tyrannus

425 2157 510 2204 ille
536 2154 717 2204 deferri
743 2172 771 2204 a
796 2155 898 2204 suis
925 2156 1167 2220 postulat,
1205 2158 1259 2202 ut
1282 2154 1410 2202 inter
1435 2153 1571 2202 iussa
1595 2166 1709 2213 sua,
1748 2156 1798 2202 et
1820 2167 1904 2202 nu-

426 2239 568 2287 minis
594 2239 805 2299 oracula,
831 2239 1012 2288 nullum
1036 2243 1197 2287 tamen
1224 2237 1483 2286 discrimen
1507 2236 1761 2300 relinquat.

786 2529 790 2532 -
868 2498 1098 2574 GAPVT
1137 2497 1472 2560 QVINTVM.

427 2612 845 2683 De'leyationibus
871 2619 938 2667 ad
974 2617 1329 2683 confoederatos
1365 2621 1547 2682 missis,
1588 2637 1646 2669 ac
1671 2621 1906 2684 imprimis

938 2702 1005 2750 ad
1034 2701 1383 2750 Transilvanos.

569 2819 677 2879 Qua
703 2820 779 2869 die
805 2819 1014 2869 Sina-nus
1039 2820 1227 2885 imperii
1251 2821 1415 2869 fasces
1443 2822 1682 2886 suscepit,
1722 2823 1771 2871 in
1809 2838 1904 2872 om-

422 2918 516 2952 nes
543 2904 787 2967 extemplo
813 2904 1065 2968 regiones,
1108 2920 1249 2968 quam
1269 2906 1369 2954 late
1395 2905 1517 2955 fines
1553 2906 1743 2970 imperii
1776 2906 1900 2955 Tur—

424 2987 512 3036 cici
538 2988 901 3054 protenduntur,
927 2989 1149 3052 nuncios,
1177 3004 1299 3054 quos
1322 2987 1565 3039 Chausios
1592 2989 1688 3053 ipsi
1713 2994 1899 3051 vocant,
