2112 3288
573 196 640 229 DE
667 194 773 227 REB.
799 193 910 227 VNG.
941 194 1048 226 nnc.
1079 195 1124 226 x.
1150 195 1193 226 L.
1223 195 1291 226 111.
1511 187 1517 189 *
1624 184 1706 232 43·

198 318 423 363 auctores
449 309 782 378 restituendae
811 307 999 358 Aaroni
1026 309 1282 371 dignitatis
1308 311 1527 371 fuerant,
1565 314 1697 361 solli·

198 384 324 446 citos
347 393 576 454 reddidit,
588 398 690 443 tum
717 392 1001 443 Eduardum
1027 392 1267 456 imprimis
1293 392 1577 455 Bartonum,
1602 395 1698 445 Re-

197 481 346 547 ginae
383 476 603 543 Angliae
637 477 689 526 in
722 475 856 526 Aula
883 476 1101 526 Turcica
1139 477 1520 540 internuncium,
1549 477 1696 529 ‘cuius

197 563 407 615 maxime
443 576 622 627 opera,
663 564 713 609 et
739 560 942 625 opibus,
981 577 1012 609 a
1050 559 1264 610 diversis
1301 562 1698 626 negotiatoribus

199 645 412 698 Graecis
436 645 626 711 pariter
651 660 711 695 ac
737 643 923 708 Anglis
962 643 1121 710 ipsius
1162 646 1428 710 sponsione
1467 662 1697 711 corroga-

195 732 288 794 tis,
329 730 524 782 adiutus
549 730 601 779 in
625 730 964 794 recuperando
991 729 1280 795 Principatu
1306 736 1435 793 erat,
1463 747 1521 781 eo
1547 733 1701 797 impu-

197 817 280 878 lit,
317 820 371 866 ut
405 815 451 864 is
476 815 661 864 nullam
686 814 788 864 iam
813 829 916 863 rem
948 814 1154 864 in‘votis
1192 819 1452 880 tantopere
1477 816 1702 877 haberet,

199 916 348 966 quam,
369 905 423 950 ut
448 898 712 961 Aaronem,
740 900 803 949 ob
829 904 1017 949 tantum
1042 899 1228 963 ingrati
1266 899 1415 950 animi
1438 901 1489 950 in
1515 917 1572 951 se
1599 917 1703 952 sce-

195 986 300 1045 lus,
336 984 582 1050 privatum
607 999 779 1034 rursus
815 985 866 1033 in
903 985 1026 1034 urbe
1052 985 1221 1035 videre
1254 991 1438 1050 posset.
1479 987 1609 1037 Nam
1659 986 1701 1035 si

195 1067 349 1129 forte,
387 1069 460 1119 uti
486 1073 722 1119 constans
757 1069 818 1118 de
845 1084 903 1118 eo
930 1085 1095 1119 rumor
1134 1075 1293 1130 esset,
1333 1071 1555 1135 expilata
1591 1086 1702 1134 pro-

131 1145 133 1147 ’
195 1152 373 1217 vincia,
397 1152 749 1217 frustratisque
777 1152 1120 1214 creditoribus,
1147 1152 1197 1201 in
1220 1153 1432 1203 ditiones
1461 1152 1703 1204 Christia-

198 1252 370 1287 norum
389 1237 693 1302 profugeret,
721 1242 772 1286 et
797 1237 961 1286 omnia
997 1237 1279 1301 sponsionis
1317 1253 1471 1287 onera
1484 1238 1582 1287 sibi
1607 1238 1704 1299 uni,

201 1326 252 1371 et
287 1320 675 1385 indignationem
715 1319 953 1370 Caesaris
993 1321 1298 1371 subeundam
1337 1337 1450 1371 esse
1487 1322 1702 1371 videbat.

197 1405 258 1456 Id
282 1411 335 1455 ut
359 1406 522 1455 vitare
546 1411 731 1471 posset,
759 1406 891 1455 datis
920 1406 985 1455 ad
1010 1405 1292 1471 Principem
1319 1405 1700 1470 sigismundum,

200 1495 250 1541 et
274 1490 340 1540 ad
363 1490 550 1540 amicos
575 1490 758 1551 literis,
788 1491 932 1540 enixe
959 1491 1189 1552 curabat,
1216 1496 1269 1541 ut
1295 1507 1380 1553 eo,
1409 1506 1551 1555 quem
1576 1496 1705 1540 retu-

199 1574 370 1636 limus,
410 1574 578 1635 modo,
617 1573 901 1636 Aaronem,
939 1591 1030 1642 per
1064 1576 1339 1624 submissos
1378 1575 1584 1625 idoneos
1623 1575 1705 1625 ho-

198 1658 356 1709 mines
381 1659 446 1709 ad
469 1659 641 1708 urbem
666 1659 959 1709 retraheret.

649 1911 883 1963 CAPVT
923 1912 1263 1974 QVINTVM.

202 2021 549 2089 Sigismzmdzcs
590 2023 833 2087 Princeps
871 2022 1225 2087 expeditionem
1267 2022 1448 2073 Sinam
1493 2024 1706 2089 Vnyaris

821 2105 1079 2173 signifieat.

345 2212 525 2263 Sed‘ut
548 2214 646 2264 iam
673 2214 737 2263 ad
761 2214 922 2279 ipsam
948 2214 1070 2264 belli
1094 2215 1427 2265 narrationem
1454 2217 1705 2280 regredia-

200 2313 332 2360 mur,
371 2313 479 2348 cum
505 2297 688 2347 nemini
723 2299 822 2348 iam
861 2299 1058 2348 dubium
1099 2304 1264 2361 esset,
1303 2300 1704 2350 increbrescente

200 2381 363 2446 magis
388 2381 438 2430 in
465 2382 592 2442 dies,
620 2387 682 2443 et,
709 2386 763 2432 ut
788 2384 856 2444 fit,
885 2387 1058 2432 cuncta
1082 2383 1133 2432 in
1158 2383 1447 2433 immensum
1474 2390 1703 2449 augente,

202 2465 515 2515 adventantis
557 2465 729 2516 Sinani
767 2482 990 2528 rumore,
1031 2473 1216 2531 quanta
1253 2468 1330 2517 vis
1370 2469 1489 2518 belli
1527 2469 1703 2518 vicinis

200 2549 457 2613 Vngariae
495 2551 692 2616 populis
730 2552 1036 2614 immineret,
1076 2557 1236 2602 motus
1275 2567 1442 2619 eorum
1480 2552 1700 2617 periculo

200 2631 455 2697 Princeps,
480 2650 570 2698 pro
598 2650 689 2684 sua
715 2636 765 2684 in
786 2640 1052 2699 cognatam
1078 2641 1276 2697 gentem
1302 2636 1503 2702 pietate,
1520 2652 1700 2700 nequa-

202 2731 348 2780 quam
374 2716 471 2765 sibi
495 2719 983 2782 praetermittendum
1010 2719 1172 2781 duxit,
1200 2736 1273 2781 ea,
1300 2735 1427 2784 quae
1452 2720 1702 2784 pertinere

203 2801 267 2850 ad
292 2814 456 2851 eorum
483 2802 745 2853 utilitatem
772 2805 1044 2855 arbitratus
1070 2810 1231 2866 esset,
1258 2820 1344 2855 eos
1372 2804 1553 2854 celare.
1582 2803 1702 2853 Pro-

200 2884 315 2935 inde
341 2885 494 2935 misso
526 2887 700 2936 nuncio
728 2904 815 2939 suo
849 2891 1037 2939 Ioanne
1063 2890 1259 2938 Imrefio
1288 2889 1351 2938 ad
1379 2887 1702 2953 Christopho-

201 2986 307 3021 rum
334 2970 786 3023 Tieffenbacchium
825 2974 1096 3041 superioris
1124 2974 1380 3037 Vngariae
1415 2973 1699 3040 Proregem‚
