2112 3288
487 195 503 238 1
520 189 581 238 16
1011 206 1074 240 10.
1103 206 1233 240 nmen
1260 207 1457 241 nAnovn

476 331 775 395 frameisque
801 332 1065 394 abundant,
1093 334 1228 383 arcui
1254 339 1455 397 tantum,
1483 351 1541 384 ac
1567 337 1784 400 equestri
1808 337 1968 400 perni-

478 415 613 464 citati
638 415 898 465 confidunt.
928 415 1093 480 Siquis
1123 433 1150 466 e
1176 418 1325 482 plebe
1364 417 1536 469 lethali
1573 421 1744 469 morbo
1782 421 1971 471 afficia-

475 504 567 561 tur,
592 499 643 549 in
669 499 775 550 eius
802 501 1065 551 stationem
1078 501 1227 553 hasta
1242 501 1483 566 defigitur,
1508 503 1639 567 pileo
1660 504 1804 567 nigro
1828 520 1970 569 prae-

476 582 588 643 fixo,
616 598 674 632 eo
700 570 807 633 {⁷iso
833 585 984 634 intrat
1009 599 1163 645 nem0,
1192 585 1282 634 sed
1308 587 1432 635 clam
1469 587 1572 636 vita
1609 588 1804 637 functus
1831 602 1970 653 sepe-

481 666 625 728 litur,
666 666 717 715 in
757 669 983 732 sepulcro
1006 668 1126 728 eius,
1154 668 1197 716 si
1225 669 1420 719 occasio
1460 685 1548 719 suo
1581 671 1718 735 ipsos
1743 686 1877 720 more
1900 671 1972 722 uti

474 750 739 813 permittat,
764 766 980 801 mensam
1009 757 1122 800 ante
1146 752 1545 818 illum,scyphum
1561 754 1726 817 equini
1751 753 1910 816 lactis,
1925 759 1982 806 et.

476 834 639 883 carnis
667 834 912 886 alveolum
952 840 1186 896 statuunt,
1224 836 1400 899 quibus
1440 836 1671 886 adiiciunt
1706 837 1972 887 iumentum

477 932 583 965 cum
607 916 758 981 pullo,
786 922 834 965 et
859 917 1171 981 phaleratum
1186 933 1374 982 equum.
1390 919 1486 968 His
1512 920 1762 981 confectis,
1791 920 1974 970 iumen-

474 1005 573 1048 tum
596 999 720 1048 illud
746 999 1017 1060 comedunt,
1044 1000 1246 1064 eiusque
1274 1002 1458 1051 corium
1485 1003 1718 1052 stramine
1757 1002 1969 1069 comple-

472 1088 573 1131 tum
598 1083 649 1131 in
673 1082 894 1148 patibulo
921 1085 1236 1147 suspendunt,
1265 1087 1566 1150 comestique
1582 1087 1694 1152 equi
1715 1102 1832 1136 ossa
1845 1101 1972 1136 com-

470 1166 662 1214 burunt.
713 1165 878 1230 Siquis
904 1167 1236 1216 eminentioris
1280 1168 1503 1219 fortunae
1537 1170 1639 1219 vita
1682 1169 1970 1230 excesserit,

474 1264 579 1297 cum
618 1250 978 1314 pretiosissimo
1016 1251 1189 1301 habitu
1226 1253 1358 1301 hum-i
1397 1254 1541 1302 etiam
1574 1254 1867 1316 reconditur,
1891 1253 1976 1303 tri.

473 1333 709 1397 gintaque
751 1334 925 1383 diebus
965 1331 1188 1397 lugetur.>
1215 1335 1473 1401 Principes
1513 1343 1774 1402 antequam
1813 1337 1975 1402 exspi-

474 1422 596 1473 rent,
624 1431 818 1466 servum
835 1417 1072 1481 deligunt,
1103 1434 1245 1481 quem
1261 1434 1423 1469 secum
1451 1420 1615 1469 vivum
1642 1411 1974 1486 sepeliendum
1996 1430 2001 1434 ’

474 1505 676 1561 curant;
698 1500 768 1550 ita
793 1516 889 1550 non
915 1505 1103 1551 tantum
1129 1502 1242 1563 vivi,
1282 1503 1371 1552 sed
1409 1508 1457 1552 et
1494 1505 1670 1554 mortui
1696 1502 1975 1554 dirissimae

469 1583 788 1633 immanitatis
815 1585 960 1634 laude
987 1584 1305 1635 delectantur.

908 1855 1140 1906 GAPVT
1181 1857 1516 1908 TERTIVM.

502 1964 576 2011 De
599 1957 841 2012 horrenda
876 1964 1187 2014 Tartarorum
1225 1966 1553 2028 immanitate,
1590 1983 1732 2030 quam
1758 1967 1813 2015 in
1838 1967 1928 2015 hac

774 2051 951 2097 recenti
978 2050 1279 2112 eoepeditione
1300 2057 1658 2113 perpetrarunt.

607 2153 832 2214 Quatuor
858 2156 955 2204 iam
982 2156 1321 2220 expeditiones
1343 2157 1394 2205 in
1408 2155 1680 2220 Vngariam
1695 2157 1757 2206 ab
1774 2156 1969 2206 immani

475 2236 799 2287 Tartarorum
827 2245 974 2302 gente
1002 2246 1261 2304 susceptas
1288 2241 1459 2300 fuisse,
1500 2257 1561 2288 ex
1597 2240 1817 2289 historiis
1843 2255 1967 2289 com-

470 2325 659 2383 pertum
711 2322 962 2371 habemus.
1026 2323 1240 2371 Primam
1290 2323 1609 2387 irruptionem
1659 2324 1755 2372 huc
1803 2323 1967 2372 fecere

471 2408 713 2465 regnante
739 2404 864 2453 Bela
890 2404 1094 2467 QuartO,
1122 2422 1265 2469 quem
1291 2407 1451 2467 etiam,
1482 2411 1675 2456 vastata
1699 2406 1835 2471 prius
1862 2421 1966 2456 cru-

473 2484 725 2534 delissime
749 2490 854 2535 tota
880 2487 1096 2550 regione,
1124 2489 1189 2536 ad
1214 2487 1401 2538 insulas
1428 2490 1579 2538 maris
1605 2475 1849 2538 Adriatici
1885 2505 1967 2539 ex-

466 2568 649 2632 pulere.
696 2560 817 2618 Inde
842 2576 1020 2634 postea
1045 2571 1169 2633 Rex,
1197 2577 1457 2636 postquam
1473 2579 1645 2623 exacto
1671 2573 1721 2621 in
1735 2572 1966 2636 Vngaria

471 2645 697 2713 triennio,
723 2653 997 2702 foedissimi
1022 2654 1191 2704 hostes
1230 2657 1580 2717 abcessissent‚
1615 2657 1796 2706 auxilio
1834 2656 1963 2705 Rho-

464 2735 722 2785 dianorum
763 2737 1139 2800 crucigerorum,
1167 2744 1215 2787 et
1241 2736 1625 2804 Frangepanum
1664 2739 1889 2789 comitum
1915 2739 1964 2787 in

463 2819 727 2882 pristinam
755 2821 1041 2884 dignitatem
1068 2823 1337 2872 restitutus.
1367 2823 1509 2873 Alter
1524 2840 1689 2874 eorum
1703 2824 1963 2887 ingressus

437 2906 439 2908 ’
463 2902 635 2951 incidit
660 2903 710 2950 in
736 2909 956 2968 tempora
968 2905 1191 2953 Ladislai
1220 2905 1408 2967 Quarti,
1437 2907 1518 2969 qui
1546 2906 1782 2970 Stephani
1809 2907 1962 2970 quinti

465 2984 594 3033 filius
621 2987 725 3046 fuit,
754 2988 945 3050 quando
976 2989 1176 3036 Tartari
1203 2994 1355 3037 totam
1381 2990 1630 3052 regionem
1656 2991 1805 3053 longe
1844 2991 1962 3038 late-
