2112 3288
413 194 513 245 296
940 209 1005 241 10.
1033 206 1167 242 nucu
1192 205 1388 240 BARovn
1429 195 1432 198 “

879 416 1109 466 CAPVT
1137 415 1438 465 SEXTVM.

518 537 594 584 De
627 536 913 585 Tb'mb'svaro
929 533 1130 598 frustra
1150 552 1238 599 per
1265 533 1559 598 Stephanum
1586 530 1804 582 Josz‘kam
1846 544 1854 586 g

1017 627 1306 683 oppugnabo.

513 780 523 790 .
554 737 648 786 His
690 737 839 787 rebus
878 736 1218 800 Sigismundus
1254 736 1492 800 Princeps
1533 735 1791 795 excitatus,
1840 748 1902 783 ne

414 820 515 869 suis
552 820 661 884 ipse
689 835 881 883 quoque
907 820 1130 883 partibus
1157 819 1332 868 deesse
1357 818 1619 877 videretur,
1658 817 1828 882 copias
1853 816 1905 867 in

413 901 783 965 Transylvania
810 901 956 964 cogit,
990 916 1187 949 numero
1216 901 1407 963 quidem
1434 916 1531 949 non
1555 915 1776 964 magnas,
1815 898 1905 948 sed

414 985 578 1043 armis,
618 983 751 1038 viriS,
791 989 938 1046 atque
963 983 1103 1044 ‚omni
1143 987 1411 1031 commeatu
1447 983 1594 1045 longe
1618 982 1904 1034 florentissi-

413 1081 535 1115 mas.
567 1064 838 1113 Comitatus
866 1079 952 1112 eas
980 1069 1057 1113 est
1070 1065 1262 1113 Devam
1276 1079 1446 1127 usque,
1474 1069 1620 1128 atque
1643 1065 1714 1113 ibi
1738 1065 1911 1117 habita

398 1147 648 1206 oratione,
676 1133 871 1210 sceptro
897 1146 1091 1210 publice
1116 1151 1344 1210 porrecto
1359 1145 1660 1211 Stephanum
1677 1147 1908 1214 Josikam

419 1229 779 1278 Cancellarium
805 1229 960 1292 copiis
987 1244 1094 1277 cum
1121 1228 1325 1290 imperio
1351 1229 1604 1292 praefecit.
1632 1228 1774 1289 Quod
1794 1229 1910 1280 licet

414 1313 638 1376 plerique
664 1310 906 1361 Proceres
945 1311 1291 1360 molestissime
1328 1312 1538 1371 ferrent,
1575 1319 1739 1361 tamen
1776 1328 1908 1363 man·

414 1396 528 1444 dato
553 1395 797 1458 Principis
836 1395 1058 1444 obsecuti
1085 1395 1443 1443 Tomosvarum
1469 1410 1644 1444 versus
1671 1411 1786 1458 cum,
1803 1396 1905 1446 uni-

415 1478 576 1526 versis
604 1477 759 1542 copiis
784 1478 879 1526 iter
904 1477 1171 1526 intendunt.
1213 1477 1323 1536 Qua
1355 1493 1410 1526 re
1436 1479 1634 1542 cognita
1660 1475 1909 1543 Georgius

418 1561 639 1625 Borbely
665 1561 856 1625 Lippae
893 1560 1190 1625 praefectUS,
1217 1560 1476 1610 adventum
1501 1561 1705 1612 Josicae
1729 1577 1910 1626 nequa-

417 1658 561 1706 quam
589 1648 843 1704 expectat,
895 1643 984 1691 sed
1010 1658 1116 1690 cum
1142 1643 1372 1706 expedita
1398 1658 1593 1693 suorum
1619 1660 1765 1695 manu
1800 1660 1910 1710 pro—

421 1738 627 1787 gressus
653 1723 873 1772 Aradum
901 1724 1169 1783 castellum,
1208 1740 1267 1777 ac
1303 1726 1449 1788 paulo
1485 1731 1599 1790 post
1626 1724 1907 1778 Osanadum

420 1807 566 1856 etiam
605 1807 750 1870 capit,
791 1811 938 1870 atque
976 1806 1239 1870 praesidiis
1266 1807 1531 1856 confirmat.
1582 1809 1703 1862 Inde
1727 1810 1905 1859 iunctis

419 1889 576 1953 copiis
614 1890 883 1952 progressi,
921 1890 1080 1952 pridie
1108 1890 1207 1937 divi
1245 1890 1409 1939 Lucae
1448 1889 1909 1941 Tomosvariensem

418 1973 586 2021 urbem
614 1976 762 2035 atque
788 1988 950 2021 arcem
977 1973 1217 2033 obsident,
1248 1977 1296 2021 et
1321 1973 1570 2022 suburbiis
1608 1988 1911 2037 quaquaver-

420 2069 525 2103 sum
554 2055 759 2119 direptis
786 2060 933 2119 atque
958 2056 1185 2117 incensis,
1212 2062 1400 2121 septem
1417 2056 1671 2106 continuas
1697 2057 1767 2106 ibi
1789 2057 1906 2106 heb-

416 2137 650 2186 domadas
676 2137 814 2186 irrito
842 2143 1018 2188 conatu
1044 2140 1316 2188 absumunt.
1344 2140 1591 2188 Inciderat
1613 2138 1738 2189 haec
1762 2155 1908 2206 expe-

422 2219 538 2267 ditio
564 2220 615 2267 in
639 2219 797 2282 ipsum
825 2225 1117 2282 autumnum,
1155 2237 1261 2270 cum
1285 2222 1397 2286 ipsa
1423 2222 1547 2271 coeli
1571 2227 1763 2283 natura,
1803 2227 1903 2273 tum

421 2301 814 2350 extraordinaria
855 2303 984 2351 aeris
1022 2304 1334 2367 intemperie,
1383 2308 1482 2352 tam
1520 2303 1728 2353 salutari
1776 2304 1907 2354 bello

421 2383 570 2444 longe
604 2382 1111 2433 incommodissimum.
1161 2386 1303 2435 Vnde
1339 2385 1520 2434 factum
1558 2390 1659 2446 est,
1709 2389 1762 2434 ut
1798 2400 1907 2436 cum

421 2468 595 2527 sponte
621 2465 683 2512 ob
716 2465 947 2513 invidiam
975 2465 1273 2516 Cancellarii
1299 2468 1555 2535 segniores
1580 2467 1630 2516 in
1655 2483 1906 2532 oppugna-

343 2532 346 2535 ’
414 2546 547 2596 tione
586 2561 751 2595 omnes
789 2547 986 2596 ordines
1025 2554 1215 2610 essent,
1252 2549 1432 2598 milites
1471 2565 1662 2614 quoque
1686 2552 1907 2615 gregarii

378 2654 381 2656 *
412 2644 515 2678 una
540 2644 648 2678 cum
674 2630 871 2678 rusticis
907 2630 1046 2694 ipsis,
1074 2632 1290 2694 frigoris,
1328 2633 1565 2693 imbrium,
1591 2638 1738 2697 atque
1761 2648 1907 2698 penu-

413 2711 520 2760 riae
561 2718 856 2762 commeatus
892 2713 1316 2777 impatientissimi,
1340 2716 1527 2779 passim
1556 2715 1901 2772 dilaberentur,

415 2798 464 2841 et
487 2794 609 2857 fuga
623 2795 718 2844 sibi
733 2794 1056 2845 consulerent.
1078 2794 1434 2859 Cancellarius,
1450 2798 1901 2862 suggestione'alio-

412 2891 518 2925 rum
557 2878 772 2938 edoctus,
823 2893 930 2927 cum
966 2878 1149 2928 nullam
1186 2880 1336 2929 aliam
1377 2882 1731 2946 expugnandae
1761 2882 1897 2931 urbis

412 2959 650 3009 rationem
687 2975 950 3027 superesse
987 2962 1203 3024 videret,
1253 2963 1390 3014 iubet
1426 2964 1546 3015 duos
1583 2965 1792 3017 tumulos
1831 2979 1893 3016 ex
