2112 3288
421 126 488 175 88
988 146 1052 180 10.
1078 146 1212 179 DEcn
1238 146 1435 181 BAROVII

420 273 609 320 nonum,
661 276 805 323 quam
855 261 906 309 in
935 260 1207 311 Turcarum
1259 267 1554 326 potestatem
1593 265 1919 331 pervenisset,

423 338 614 403 annum,
639 359 831 393 rursum
857 342 1155 393 Christianis
1194 352 1283 406 est,
1324 347 1564 410 singulari
1598 348 1695 396 Dei
1732 349 1911 397 benefi-

424 425 515 487 ci0,
541 427 830 477 restitutum.
862 427 1001 487 Quae
1027 444 1118 477 arx
1155 430 1278 478 tanti
1315 430 1406 479 fuit
1444 431 1684 491 momenti,
1711 438 1763 480 ut
1781 435 1920 482 >totus

422 509 508 558 ille
532 514 775 559 terrarum
800 515 987 560 tractus
1014 511 1076 560 ad
1103 510 1410 574 Cassoviam,
1438 512 1737 578 Scepusium,
1765 519 1814 563 et
1826 529 1922 564 me·

424 593 621 643 tallicas
646 594 810 654 urbes,
849 594 969 655 auri,
1020 600 1166 658 atque
1200 596 1395 658 argenti
1434 602 1676 661 proventu
1716 597 1921 658 nobiles,

428 676 646 742 oppidis,
685 677 929 741 pagisque
972 679 1219 741 frequens,
1270 680 1414 742 gravi
1450 681 1718 730 incolarum
1742 682 1939 730 incomss

426 761 569 810 modo
595 760 837 810 continuis
863 761 979 809 inde
1007 762 1278 811 'furcarum
1307 764 1709 823 excursionibuss
1729 763 1923 818 latroci-

426 844 621 908 niisque
644 844 870 908 patuerit.
922 843 1105 893 Audita
1143 845 1483 896 Filekensium
1535 847 1793 909 deditione,
1829 838 1927 911 ⁴qui

430 927 618 977 Divinii
644 932 798 988 erant,
825 927 984 987 veriti,
1010 943 1072 976 ne
1099 943 1184 977 eos
1213 929 1360 978 etiam
1386 929 1556 979 eadem
1588 929 1707 979 belli
1730 932 1928 981 fortuna

430 1015 641 1072 maneat,
670 1011 797 1059 clam
823 1025 937 1058 arce
966 1010 1210 1073 eggressi,
1238 1011 1302 1059 ad
1328 1026 1444 1061 suos
1473 1026 1540 1072 se,
1558 1027 1651 1076 quo
1666 1012 1930 1062 visum-fuit

430 1095 697 1145 incolumes
725 1108 893 1141 omnes
919 1099 1222 1158 receperunt.
1250 1095 1329 1143 Ita
1367 1111 1458 1144 arx
1495 1096 1699 1160 egregie
1731 1095 1930 1158 munita,

432 1193 603 1238 vacua,
643 1176 952 1240 desertaque,
990 1177 1040 1225 in
1078 1182 1373 1241 potestatem
1413 1194 1579 1229 eorum
1618 1180 1763 1229 venit.
1800 1179 1932 1231 Hinc

434 1262 498 1311 ad
523 1261 670 1310 aliam
697 1275 874 1321 arcem,
901 1259 1267 1311 Ainaczkevum
1305 1260 1479 1311 incolis
1506 1263 1697 1320 dictam,
1735 1268 1932 1313 ventum
1987 1274 1990 1278 ’

433 1345 539 1406 fuit,
566 1359 692 1408 quae
719 1344 866 1394 etiam
890 1359 988 1394 non
1016 1344 1139 1394 adeo
1166 1360 1343 1408 magno
1360 1346 1530 1395 labore
1543 1346 1727 1396 tradita
1753 1347 1826 1396 eis
1840 1345 1930 1397 e‘st.

436 1428 559 1479 Cum
583 1428 659 1484 iis,
688 1429 770 1493 qui
798 1427 1292 1479 Somoskeoviensem
1333 1446 1495 1479 arcem
1527 1435 1707 1492 tenent,
1734 1431 1805 1480 ita
1825 1431 1936 1480 conss

436 1517 685 1574 venerunt,
712 1516 765 1563 ut
791 1512 935 1562 simul
961 1518 1108 1576 atque
1133 1512 1399 1563 Zechinum
1427 1520 1619 1579 captum
1645 1515 1708 1563 ab
1737 1514 1810 1563 eis
1830 1514 1937 1564 fue-

437 1596 515 1655 rit,
541 1596 707 1646 statim
730 1596 826 1662 ipsi
853 1611 1043 1661 quoque
1082 1611 1190 1645 eam
1227 1597 1515 1647 incolumem
1553 1613 1713 1647 arcem
1739 1597 1812 1647 eis
1836 1602 1937 1647 tra-

441 1679 573 1742 dant,
601 1685 746 1745 atque
773 1681 836 1730 ab
862 1679 991 1729 omni
1015 1680 1207 1730 interea
1233 1682 1473 1732 maleficio
1490 1697 1551 1731 ex
1572 1697 1632 1731 ea
1645 1682 1936 1731 abstineant.
1979 1677 2003 1717 f

862 2012 1095 2066 CAPVT
1135 2014 1529 2067 SECVNDVM.

451 2133 590 2195 Quae
616 2135 824 2184 consilia
850 2132 1067 2186 Si'nanus
1107 2135 1275 2185 audito
1309 2135 1693 2185 Christianorum
1719 2150 1943 2183 successu

1065 2221 1336 2281 aqz‘taverit.

591 2346 870 2414 Antequam
921 2365 993 2411 ea,
1047 2366 1171 2414 quae
1211 2349 1705 2407 commemoravimus,
1741 2348 1870 2397 hunc
1892 2346 1945 2394 in
2005 2372 2008 2374 -

404 2418 409 2422 ⁴
448 2431 642 2482 modum
666 2432 877 2482 fuissent
901 2433 1001 2481 Dei
1027 2433 1265 2483 beneficio
1293 2432 1645 2493 administrata,
1673 2431 1770 2480 iam
1797 2434 1946 2479 antea

451 2514 662 2566 Sinanus
690 2515 749 2564 de
775 2516 852 2564 his
867 2516 1182 2576 Vngarorum
1202 2516 1348 2564 rebus
1381 2514 1538 2577 gestis
1576 2514 1754 2563 certior
1770 2513 1946 2572 factum

451 2615 558 2652 cum
582 2599 633 2648 in
657 2604 794 2648 tanta
819 2600 1046 2649 fortunae
1066 2598 1409 2653 inclinatione,
1466 2613 1558 2661 quo
1611 2612 1666 2646 se
1716 2599 1946 2656 verteret,

451 2699 548 2733 non
572 2684 774 2752 videret,
814 2683 878 2733 ad
902 2683 1179 2747 Principem
1219 2683 1339 2731 duos
1367 2698 1427 2731 ex
1462 2682 1563 2731 suis
1590 2679 1821 2730 Chausiis
1846 2678 1947 2743 pri·

453 2782 562 2830 mae
586 2772 732 2817 notae
757 2766 979 2821 homines
1006 2783 1112 2817 cum
1138 2766 1295 2815 literis
1320 2766 1479 2825 mittit,
1530 2766 1580 2814 in
1620 2764 1793 2828 quibus
1830 2761 1951 2811 scri·

453 2851 541 2912 bit,
568 2858 621 2903 ut
645 2868 771 2903 nunc
795 2853 1004 2915 tandem,
1058 2852 1225 2916 quanti
1266 2850 1502 2900 Caesaris
1540 2849 1853 2898 Maiestatem
1875 2846 1947 2894 fa-

457 2936 567 2997 ciat,
593 2952 648 2986 re
674 2936 785 3002 ipsa
811 2937 1051 2997 ostendat,
1103 2934 1231 3000 quod
1256 2934 1327 2983 ita
1351 2935 1446 2993 fiet,
1488 2933 1530 2981 si
1561 2931 1756 2981 infestis
1783 2931 1949 2987 statim
