2112 3288
353 177 457 228 310
685 176 687 179 ’
859 196 925 229 10.
950 196 1083 230 Drion
1108 196 1307 231 BARovn

349 313 403 358 ut
426 325 514 372 per
545 311 769 375 captivos
805 327 863 360 ac
901 314 1241 376 exploratores
1270 314 1508 363 Turcicos
1534 315 1673 364 iuxta
1699 321 1845 379 atque

352 392 646 455 Vngaricos,
674 394 899 458 aliosque
926 396 1151 457 rusticos,
1194 397 1369 460 quibus
1409 398 1568 446 libera
1594 398 1706 447 hinc
1731 399 1844 448 inde

354 477 658 526 commeandi
685 477 897 527 facultas
924 484 1042 540 erat,
1071 480 1130 529 de
1151 481 1281 528 omni
1295 485 1427 530 statu
1441 486 1708 545 portarum,
1734 498 1846 547 pro-

350 563 752 625 pugnaculorum,
779 564 1083 626 transituum,
1109 565 1310 626 viarum,
1326 566 1623 627 semitarum,
1652 571 1700 615 et
1725 581 1844 630 pon·

349 643 482 705 tium,
516 643 599 707 qui
623 648 726 692 tam
766 648 908 693 extra
935 660 1080 708 quam
1105 646 1236 695 intra
1262 646 1508 695 civitatem
1536 652 1663 708 sunt,
1709 652 1843 697 certo

353 733 692 789 cognosceret.
723 727 866 788 Quod
891 728 974 776 ubi
999 729 1291 792 praestitum
1318 735 1406 790 est,
1434 746 1578 793 quum
1591 731 1748 779 nostri
1763 746 1846 782 co-

353 809 497 873 piosa
524 810 641 860 nive
670 816 718 859 et
742 810 999 860 fluviorum
1034 811 1348 860 inundatione
1386 812 1635 876 variisque
1674 818 1843 862 vento-

352 908 458 942 rum
489 894 876 957 tempestatibus
890 893 1263 958 impedirentur:
1291 900 1455 944 tamen
1483 911 1626 959 quam
1640 902 1850 961 possunt

354 976 680 1024 occultissime
720 977 890 1040 copias
918 974 1232 1026 Comarinum
1270 979 1530 1027 convenire
1568 980 1749 1028 iubent.
1787 981 1847 1030 In

351 1059 414 1107 iis
438 1058 576 1108 fuere
602 1061 735 1108 mille
763 1060 1073 1108 selectissimi
1101 1060 1305 1123 equites,
1331 1061 1630 1125 totidemque
1655 1062 1846 1126 pedites
1890 1123 1892 1125 ‚

355 1140 609 1205 Vngarici,
642 1144 876 1206 nongenti
904 1142 1054 1203 Galli,
1092 1144 1388 1207 totidemque
1426 1145 1691 1206 Vallones,
1719 1143 1848 1194 OOC

357 1223 738 1288 Strigonienses‚
789 1231 837 1275 et
881 1227 923 1275 L
976 1224 1403 1275 Comaromienses
1443 1224 1681 1276 Germani
1722 1233 1852 1277 cata-

355 1309 560 1372 phracti.
612 1308 734 1359 Cum
775 1310 853 1358 his
892 1310 1043 1372 igitur
1069 1310 1273 1373 copiolis
1312 1309 1535 1360 XXVII.
1563 1311 1731 1360 Martii
1757 1310 1850 1361 Co-

357 1392 545 1440 marino
571 1392 742 1442 horam
777 1392 971 1442 circiter
995 1392 1203 1457 primam
1228 1393 1613 1457 pomeridianam
1650 1395 1744 1443 iter
1771 1411 1850 1444 ca-

355 1475 506 1538 piunt,
534 1480 582 1524 et
606 1482 769 1540 ponte,
797 1477 878 1540 qui
893 1476 1218 1542 praecedente
1246 1477 1350 1526 eius
1379 1477 1476 1526 diei
1500 1482 1642 1526 nocte
1667 1478 1719 1526 in
1746 1479 1848 1528 Da-

356 1558 505 1608 nubio
532 1557 844 1609 velocissime
871 1576 932 1609 ex
957 1560 1167 1609 navibus
1207 1565 1487 1624 compactus
1527 1566 1646 1622 erat,
1685 1561 1852 1610 Danu-

357 1641 489 1690 bium
525 1643 704 1692 faustis
743 1643 983 1692 ominibus
1009 1644 1271 1693 traiiciunt.
1325 1642 1541 1693 Simulac
1567 1643 1691 1692 enim
1717 1658 1852 1693 oram

362 1723 624 1776 Comarino
665 1726 930 1787 soluerant,
971 1729 1214 1791 extemplo
1244 1727 1368 1776 duae
1396 1726 1591 1791 aquilae
1618 1727 1853 1776 exercitui

357 1809 730 1875 supervolitare,
772 1814 820 1858 et
858 1826 955 1859 non
979 1799 1134 1874 parvo
1173 1810 1435 1859 intervallo
1474 1810 1849 1872 progredientes

359 1892 592 1956 subsequi
630 1899 924 1957 conspectae
967 1895 1175 1942 fuerunt.
1217 1893 1405 1953 Quibus
1444 1892 1494 1941 in
1532 1907 1696 1941 aerem
1734 1893 1853 1941 dila-

357 1976 476 2039 psis,
504 1975 604 2026 alia
629 1991 799 2025 rursus
829 1974 978 2041 (quod
1018 1974 1212 2040 mirere>
1252 1976 1419 2040 aquila
1458 1975 1754 2040 supervenit,
1793 1989 1852 2024 ac

358 2060 564 2108 frustum
592 2061 754 2108 carnis
782 2061 958 2109 rostris
985 2065 1158 2109 tenens
1199 2059 1349 2123 capiti
1375 2058 1569 2108 Nicolai
1596 2058 1722 2107 Palfi
1747 2059 1852 2123 pla-

359 2143 467 2191 cide
500 2144 864 2208 supervolitans
906 2141 1215 2207 deprehensa
1242 2148 1330 2191 est.
1383 2141 1492 2202 Quo
1530 2141 1638 2190 viso
1665 2141 1852 2191 Palfius

358 2226 475 2274 boni
498 2226 549 2273 id
576 2226 749 2275 ominis
775 2226 882 2275 loco
910 2225 1421 2289 accipiendumratuS,
1456 2224 1716 2272 occasione
1740 2223 1852 2272 inde

360 2312 568 2372 sumpta,
596 2308 777 2356 milites
805 2323 973 2357 omnes
1000 2310 1128 2357 bono
1157 2322 1269 2356 esse
1294 2307 1453 2356 animo
1476 2305 1634 2354 iussit.
1661 2305 1756 2354 His
1771 2321 1849 2354 ac-

362 2391 512 2439 cessit
538 2394 586 2439 et
612 2391 724 2454 pica
751 2391 1003 2454 quaedam,
1028 2406 1152 2454 quae
1179 2388 1423 2452 virgulam
1449 2403 1533 2438 ore
1565 2393 1737 2436 tenens
1751 2393 1851 2437 tam

362 2473 443 2522 diu
481 2478 652 2522 euntes
694 2474 927 2522 comitare
966 2474 1074 2521 visa
1113 2478 1202 2532 est,
1255 2463 1415 2522 donec.
1447 2470 1510 2519 ad
1535 2471 1693 2535 ripam
1716 2471 1853 2519 fluvii

361 2556 612 2607 cuiusdam
637 2544 994 2621 pervenissent.
1011 2556 1086 2605 Ibi
1105 2555 1316 2618 virgulto
1331 2554 1525 2617 placide
1551 2554 1774 2618 deposito
1800 2553 1851 2602 in

362 2631 528 2690 aerem
542 2655 595 2688 se
623 2640 834 2689 sustulit.
849 2640 943 2689 His
960 2638 1192 2703 auspiciis
1206 2639 1256 2686 in
1271 2638 1522 2686 meliorem
1549 2653 1687 2702 spem
1702 2637 1852 2686 erecti
1910 2682 1915 2687 .

361 2727 460 2771 tam
500 2722 648 2772 duces
678 2723 790 2787 ipsi,
818 2738 962 2786 quam
1001 2722 1195 2783 milites,
1224 2721 1479 2769 confestim
1505 2725 1850 2770 antecursores

361 2804 761 2869 expeditissimos
789 2805 980 2868 equites
1019 2819 1409 2868 quaquaversum
1459 2803 1714 2863 dimittunt,
1758 2802 1850 2851 eis-

363 2902 456 2950 que
469 2887 714 2948 mandant,
728 2892 781 2936 ut
793 2888 902 2937 vias
915 2903 1080 2936 omnes
1108 2893 1253 2950 atque
1280 2887 1517 2936 transitus
1535 2882 1850 2950 (obsideant),

364 2970 538 3037 quibus
563 2971 813 3021 Iaurinum
861 2972 1015 3022 ituros
1061 2971 1390 3021 attentissima
1429 2985 1547 3020 cura
1569 2970 1848 3029 observent,
