2112 3288
515 222 581 259 m:
605 224 713 260 nnn.
741 222 853 259 vNG.
881 221 991 255 nnc.
1010 222 1066 255 vx.
1095 222 1138 255 L.
1166 222 1230 257 ιχ.
1508 200 1631 259 205
1701 213 1705 218 ’
1728 275 1730 278 Ι

138 350 369 412 tanquam
393 330 562 394 fratris
588 343 681 392 mei
707 340 990 391 Hieremias
1003 339 1334 389 Palatinatum
1348 339 1627 389 Moldaviae

142 431 364 491 retineat,
405 426 532 492 quod
570 427 715 476 etiam
740 425 906 475 statim
940 424 1002 475 ad
1030 439 1260 487 magnum
1273 425 1627 488 Imperatorem

140 515 411 565 Turcarum
436 511 714 577 perscripsi.
758 508 945 570 Quodsi
985 508 1135 571 igitur
1162 522 1453 557 consensum
1478 507 1542 556 ad
1568 523 1627 557 ea

139 597 442 664 praebueris,
469 612 595 661 quae
620 611 710 645 nos
736 595 816 644 hic
843 609 948 644 cum
977 592 1291 643 Cancellario
1309 592 1626 653 decrevimus,

137 687 250 733 tunc
287 697 471 732 mecum
509 685 557 730 et
595 696 702 730 cum
738 680 892 728 fratre
935 694 1041 728 meo
1077 677 1351 742 ceterisque
1403 676 1625 725 omnibus

139 767 258 816 belli
310 767 511 817 ducibus
562 781 619 815 ac
656 763 842 814 Murzis
892 769 1091 813 aeterno
1141 768 1361 828 tempore
1411 778 1626 812 amorem

137 851 407 901 fraternum
433 849 772 900 conciliabitis.
800 847 887 898 Sin
913 852 1076 898 autem
1103 847 1344 898 Kozakos
1371 863 1469 897 non
1497 846 1626 896 dele-

138 935 321 996 veritiS,
359 939 473 985 tunc
504 949 592 983 vos
617 950 707 983 nec
731 933 950 995 iurandO,
989 949 1080 982 nec
1105 933 1263 998 pactis
1291 930 1625 982 satisfacietis,

137 1019 279 1070 Haec
315 1019 652 1070 mandavimus
691 1019 883 1082 Legato
924 1019 1066 1067 fratri
1115 1022 1284 1067 nostro
1325 1015 1623 1067 Gravarme-

142 1109 315 1169 tegrae
340 1104 432 1154 tibi
457 1103 758 1170 exponenda,
787 1119 929 1168 quem
955 1108 1007 1152 ut
1030 1103 1243 1166 benigne
1268 1102 1506 1167 accipere,
1545 1100 1625 1149 do-

44 1196 48 1199 ’
137 1204 298 1254 naque
322 1204 411 1254 per
440 1205 545 1239 eum
572 1188 713 1238 nobis
739 1188 1071 1238 transmittere
1098 1187 1236 1248 veliS‚
1265 1204 1295 1236 a
1320 1192 1369 1237 te
1402 1186 1624 1250 petimus.

137 1274 310 1338 Neque
336 1273 461 1323 enim
488 1274 632 1323 alium
657 1274 754 1323 iam
780 1272 874 1322 hoc
899 1289 1026 1322 anno
1067 1273 1322 1322 mittemus.
1386 1272 1521 1321 Data
1562 1270 1625 1318 ad

133 1357 311 1407 flumen
336 1356 552 1419 Pratum,
579 1356 722 1407 Anno
738 1356 1031 1406 Mahumetis
1059 1354 1324 1406 Millesimo
1352 1355 1433 1405 lV.
1457 1369 1623 1404 mense

137 1440 354 1492 Octobri.

588 1731 820 1784 OAPVT
860 1731 1162 1784 SEXTVM.

138 1852 214 1902 De
242 1853 538 1918 empeditione
562 1851 866 1919 Sigismundi
893 1854 1151 1919 Principis
1177 1862 1347 1903 contra
1392 1850 1632 1903 Sinamom

375 1945 606 2001 suscepta,
637 1938 932 2002 collectisque
956 1939 1066 1988 hinc
1092 1939 1205 1987 inde
1233 1940 1396 2003 copiis.

278 2034 506 2083 Diximus
534 2038 677 2099 capta
702 2034 862 2099 Lippa
890 2039 938 2084 et
965 2034 1118 2099 copiis
1132 2034 1246 2083 hinc
1269 2035 1382 2084 inde
1398 2036 1631 2097 collectis,

145 2115 422 2183 Principem
448 2117 581 2166 Alba
607 2117 734 2167 Iulia
760 2118 849 2169 VI.
881 2117 987 2168 Cal.
1015 2117 1322 2184 Septembris
1349 2135 1455 2169 cum
1485 2120 1632 2169 omni-

139 2202 232 2251 bus
257 2202 612 2267 impedimentis
640 2203 1010 2273 excessisse,pet
1048 2203 1111 2252 ad
1150 2204 1377 2269 oppidum
1419 2204 1630 2254 Fekete-

140 2285 302 2335 halom
330 2291 496 2336 castra
520 2287 750 2352 posuisse
778 2288 871 2337 hoc
898 2288 1105 2337 maxime
1135 2289 1312 2350 studio,
1342 2295 1394 2339 ut
1425 2289 1629 2339 Germa-

139 2384 310 2419 norum
362 2371 604 2434 subsidia,
645 2377 934 2437 ceterasque
971 2373 1254 2437 provinciae
1306 2374 1478 2439 copias
1528 2373 1630 2422 illic

141 2460 436 2519 expectaret.
464 2454 726 2506 Advenere
753 2457 902 2520 igitur
929 2473 986 2507 eo
1013 2457 1251 2523 imprimis
1283 2459 1454 2523 copiae
1470 2457 1629 2508 Vara-

137 2539 365 2590 dinenses
404 2538 656 2605 Stephano
694 2542 945 2592 Boczkaio
993 2542 1139 2604 duce,
1181 2543 1263 2607 qui
1313 2544 1625 2607 octingentos

137 2624 327 2688 equites
366 2628 414 2673 et
449 2626 650 2675 totidem
688 2627 881 2677 circiter
926 2628 1117 2692 pedites
1169 2628 1430 2690 eduxerat,
1484 2643 1624 2691 quem

135 2709 280 2774 paulo
306 2713 420 2773 post
445 2715 494 2759 et
519 2709 798 2775 Stephanus
826 2712 1135 2763 Hofmannus
1174 2713 1401 2776 Vajvoda
1440 2711 1624 2759 Molda-

136 2793 246 2842 viae
273 2809 379 2842 cum
407 2793 801 2859 splendidissimo
828 2798 1046 2862 equitatu
1071 2799 1210 2848 iuxta
1237 2813 1295 2846 ac
1310 2797 1543 2862 peditatu,
1573 2801 1624 2844 ut

139 2877 362 2940 diximus,
390 2879 680 2929 subsecutus
706 2882 811 2932 fuit.
839 2883 1047 2933 Miserat
1061 2883 1299 2947 Princeps
1327 2882 1418 2930 sub
1434 2886 1624 2945 tempus

137 2962 412 3026 nuptiarum
464 2963 526 3011 ad
588 2964 970 3016 Maximilianum
1021 2967 1346 3016 Archiducem
1391 2965 1622 3014 Austriae

134 3044 430 3110 Gregorium
470 3045 731 3110 Csakium,
770 3050 922 3100 virum
964 3068 1141 3114 magno
1193 3053 1300 3100 loco
1352 3056 1517 3100 natum
1563 3064 1621 3098 ac
