2112 3288
461 201 526 250 82
985 218 1046 250 10.
1075 217 1208 250 Dncn
1233 217 1431 251 BARovn

459 346 681 381 rumores
709 332 976 393 exstitisse,
1028 332 1123 396 qui,
1174 333 1216 382 is
1255 334 1299 381 si
1337 334 1493 382 virum
1520 348 1575 383 se
1601 334 1950 398 praestitisset,

456 415 601 463 facile
628 416 735 464 veri
762 429 875 464 esse
901 415 1188 479 potuissent.
1218 414 1400 465 Parum
1435 416 1602 477 abfuit,
1641 417 1756 481 quin
1796 422 1845 466 et
1869 414 1951 464 ho-

457 512 625 546 norem
651 499 696 546 ei
722 500 1003 560 abrogaret,
1030 505 1079 549 et
1104 499 1307 561 gravius
1333 500 1481 549 etiam
1507 499 1623 562 quid
1646 499 1697 547 in
1726 511 1836 548 eum
1848 504 1950 549 sta-

454 585 627 629 tueret.

844 901 1079 952 OAPVT
1118 901 1560 974 VNDECIMVM.

622 1020 758 1080 Quid
780 1020 994 1072 Sinanus
1033 1024 1206 1071 audita
1244 1040 1438 1071 suorum
1463 1023 1602 1072 clade
1627 1026 1781 1089 egerit.

594 1166 759 1214 Bassa
798 1166 1044 1215 Budensis
1078 1165 1312 1215 Sinanum
1349 1166 1409 1215 de
1449 1165 1841 1216 Christianorum
1866 1165 1948 1215 ad-v

454 1255 614 1310 ventU,
641 1250 957 1314 consiliisque
982 1251 1078 1299 iam
1103 1256 1204 1300 tum
1231 1251 1414 1312 statim,
1441 1266 1548 1300 cum
1586 1251 1622 1299 ii
1648 1250 1947 1301 Albam-Re·
1970 1274 1978 1279 -

456 1335 617 1395 galem
645 1335 838 1383 venturi
870 1335 1201 1398 crederentur,
1242 1335 1502 1384 certiorem
1527 1334 1834 1397 reddiderat,
1861 1334 1951 1399 sed

454 1418 503 1465 id
527 1418 613 1465 ille
639 1419 847 1482 primum
872 1434 970 1467 non
1008 1418 1247 1479 credere,
1265 1424 1440 1481 postea
1476 1418 1621 1482 parvi
1657 1419 1837 1480 facere,
1870 1417 1950 1466 de-

453 1516 580 1549 mum
607 1501 803 1563 cognito
829 1501 1015 1550 infelici
1040 1517 1239 1566 pugnae
1267 1507 1458 1562 eventu,
1485 1506 1675 1550 tantum
1700 1517 1797 1551 non
1837 1516 1948 1550 exa-

452 1584 677 1646 nimatus,
707 1585 978 1633 concidere.
1006 1586 1066 1634 Id
1092 1585 1223 1649 apud
1249 1585 1471 1635 Esekum
1499 1585 1730 1650 oppidum
1753 1585 1805 1634 in
1827 1585 1948 1633 infe-

452 1668 580 1716 riore
608 1669 835 1732 Vngaria
859 1669 932 1717 illi
958 1669 1148 1731 accidit,
1187 1669 1272 1717 ubi
1309 1670 1380 1718 ita
1412 1683 1635 1718 moerore
1663 1683 1947 1732 oppressus,

451 1766 540 1815 per
565 1753 776 1800 triduum
800 1753 1043 1814 integrum
1081 1753 1321 1802 neminem
1361 1753 1425 1801 ad
1463 1768 1516 1801 se
1554 1752 1763 1809 admisit,
1805 1752 1947 1813 omni,

452 1840 504 1882 ut
529 1835 677 1896 aiunt,
705 1835 830 1898 cib0,
856 1840 1073 1899 potuque
1100 1836 1351 1896 abstinuit,
1391 1850 1543 1898 aegre
1581 1834 1757 1884 deinde
1784 1851 1815 1884 a
1840 1835 1944 1883 suis

453 1925 698 1983 exoratus,
725 1926 778 1968 ut
802 1935 987 1968 memor
1012 1920 1252 1984 pristinae
1291 1935 1410 1969 suae
1447 1919 1658 1990 virtutis,
1699 1924 1748 1968 et
1785 1933 1947 1968 rerum
2002 1934 2006 1939 ·

450 2002 770 2052 humanarum
795 2004 1164 2064 vicissitudiniS,
1191 2003 1403 2053 animum
1427 2009 1711 2064 resumeret,
1763 2008 1814 2052 et
1850 2018 1947 2051 me·
2023 2045 2025 2047 ,

451 2085 578 2135 liora
603 2087 832 2152 deinceps
870 2093 1110 2150 speraret,
1159 2086 1410 2151 paululum
1449 2085 1733 2136 confirmato
1767 2086 1946 2149 animo,

451 2176 692 2234 captoque
719 2173 827 2235 cibo
855 2188 1047 2221 rursum
1072 2173 1123 2220 in
1148 2173 1300 2220 vitam
1342 2187 1396 2220 se
1437 2171 1582 2220 dedit.
1633 2170 1745 2221 Hoc
1783 2175 1946 2220 autem

449 2254 598 2313 illum,
624 2270 744 2318 prae
772 2256 963 2316 ceteris,
990 2256 1041 2303 in
1065 2260 1205 2304 tanta
1232 2256 1460 2304 fortunae
1485 2254 1751 2304 mutatione
1777 2268 1946 2303 excru-

451 2337 631 2394 ciabat,
661 2338 789 2399 quod
812 2338 936 2402 ipse,
966 2343 1014 2386 et
1040 2353 1215 2387 suasor
1242 2338 1347 2386 eius
1373 2336 1493 2386 belli
1517 2337 1709 2397 fuisset,
1751 2342 1800 2387 et
1837 2351 1944 2385 cum

451 2434 611 2481 aequa
639 2435 745 2468 cum
771 2421 997 2470 hostibus
1024 2420 1312 2482 conditione,
1340 2420 1550 2483 integris
1592 2419 1753 2468 adhuc
1779 2420 1943 2479 rebus,

449 2504 727 2565 transigere
754 2505 1009 2568 potuisset,
1038 2506 1167 2553 bello
1195 2521 1301 2554 cum
1328 2505 1400 2553 eis
1427 2505 1655 2568 experiri,
1691 2519 1834 2568 quam
1859 2520 1944 2569 pe-

391 2590 393 2592 ’
455 2587 669 2649 tentibus
699 2587 818 2637 dare
844 2604 1015 2653 pacem
1040 2588 1313 2638 maluisset.
1343 2588 1627 2638 Accedebat
1663 2588 1726 2638 ad
1764 2603 1942 2652 augen-

451 2670 563 2719 dum
586 2671 690 2719 eius
718 2688 967 2735 angorem,
995 2673 1123 2736 quod
1149 2673 1328 2721 milites
1355 2673 1452 2721 iam
1490 2690 1520 2722 a
1561 2673 1720 2736 signis
1748 2672 1942 2738 dilapsi,

449 2754 581 2803 nullo
608 2748 827 2820 imperio,
853 2771 949 2805 non
973 2756 1132 2817 minis,
1159 2772 1256 2805 non
1282 2758 1468 2821 poenis,
1511 2757 1600 2806 sed
1623 2773 1685 2806 ne
1709 2756 1941 2822 praemiis

451 2823 644 2900 quidem
671 2840 785 2889 uuis
810 2845 1039 2904 poterant
1065 2840 1188 2900 sisti,
1215 2845 1267 2889 ut
1293 2840 1387 2889 iter
1412 2841 1545 2889 illius
1583 2841 1761 2904 ubique
1793 2840 1942 2903 fugae

449 2922 608 2970 simile
635 2923 906 2985 videretur;
923 2922 1052 2987 quod
1076 2922 1162 2971 ille
1176 2923 1589 2985 animadvertens,
1606 2924 1721 2973 licet
1744 2908 1941 2988 pontem

449 3004 607 3065 etiam,
661 3022 753 3069 quo
805 3005 986 3055 Savum
1024 3007 1087 3055 ad
1114 3007 1415 3070 Belgradum
1463 3007 1721 3056 traducere
1773 3007 1939 3070 copias
