2112 3288
469 227 607 270 XLVI
982 239 1113 270 onom
1134 226 1272 270 almos
1292 226 1436 270 &LETE

1164 386 1255 435 III.

610 524 887 569 EPISTOLA
908 527 970 569 IN
994 526 1196 570 CAPITE
1221 525 1626 569 SYNTAGMATIS
1653 523 1815 567 IVRIS.

460 659 768 708 Illustrissimo
818 679 876 709 ac
900 659 1074 725 Inclyto
1123 660 1342 720 Domino,
1392 659 1596 708 Domino
1649 654 1946 724 Siqismzmdo

457 743 656 792 Bathori
681 744 736 792 de
762 740 947 804 Somlzb,
966 743 1190 809 Podncipi
1223 744 1596 810 Transylvaniae
1622 750 1662 790 et
1676 738 1944 791 Siculomm

579 825 744 877 Comici
768 836 847 877 etc.
873 827 1080 877 Domino
1104 846 1186 876 suo
1213 829 1552 878 clementissimo
1599 822 1646 875 S.
1672 824 1730 873 P.
1756 824 1822 874 D.

596 935 876 998 Antigonus
915 935 1037 995 Reiz,
1080 936 1421 985 Illustrissime
1446 935 1696 999 PrincepS‚
1735 931 1945 983 Domine

455 1019 844 1080 clementissime,
876 1019 1062 1067 cuidam
1087 1021 1327 1069 fortunam
1355 1019 1636 1083 Principum
1662 1017 1804 1066 nimis
1829 1017 1945 1065 bea-

457 1113 556 1151 tam
586 1103 919 1167 praedicanti:
946 1102 1000 1152 Si
1026 1104 1195 1164 scires,
1222 1103 1390 1167 inquit,
1416 1103 1611 1166 quantis
1638 1102 1730 1150 hoc
1755 1100 1943 1162 regium

454 1185 681 1234 diadema
721 1186 960 1235 molestiis
986 1187 1216 1236 refertum
1242 1187 1318 1247 sit,
1345 1191 1477 1235 certe
1490 1201 1552 1235 ne
1577 1185 1722 1234 humo
1750 1183 1942 1248 quidem

449 1269 570 1318 illud
597 1274 771 1333 sponte
798 1270 1014 1319 tolleres.
1044 1271 1151 1320 Nec
1187 1270 1425 1319 immerito
1447 1269 1498 1317 id
1525 1268 1731 1332 quidem,
1756 1273 1810 1317 ut
1833 1282 1942 1316 mea

451 1353 548 1401 fert
573 1353 751 1416 opinio.
792 1354 885 1402 Est
923 1355 1050 1403 enim
1077 1369 1160 1403 ars
1193 1356 1316 1404 bene
1341 1352 1613 1418 imperandi
1637 1352 1786 1416 longe
1819 1349 1942 1399 diffi-

449 1438 641 1498 cillima,
681 1443 742 1501 et,
783 1443 836 1487 ut
877 1439 1154 1503 Xenophon
1180 1439 1263 1498 ait,
1301 1438 1425 1487 nihil
1451 1436 1760 1497 laboriosiuS,
1798 1450 1942 1499 quam

448 1522 722 1570 hominibus
760 1527 894 1571 recte
922 1539 980 1571 ac
1006 1523 1290 1572 salutariter
1324 1536 1572 1586 praeesse.
1608 1519 1820 1569 Proinde
1844 1533 1941 1568 non

448 1607 612 1670 inepte
638 1607 792 1655 fertur
831 1607 1028 1671 quidam
1055 1607 1241 1656 dixisse
1266 1606 1413 1655 nullis
1452 1605 1632 1654 seculis
1658 1604 1810 1653 fuisse
1835 1609 1940 1653 tan-

449 1697 548 1740 tam
574 1692 808 1739 bonorum
850 1691 1129 1756 Principum
1167 1690 1373 1755 copiam,
1402 1690 1516 1753 quin
1554 1703 1718 1737 eorum
1745 1687 1939 1736 nomina

448 1774 590 1823 unius
628 1775 793 1824 annuli
830 1775 976 1839 palae
1014 1775 1224 1840 insculpi
1263 1780 1479 1839 possent.
1534 1774 1855 1837 Ignoraverat
1886 1770 1935 1818 id

451 1860 713 1908 Damocles
739 1860 821 1908 ille
848 1860 1159 1921 Parrhasius,
1177 1859 1379 1923 quicum
1404 1859 1455 1907 in
1481 1872 1703 1907 sermone
1729 1855 1938 1919 quodam

450 1943 728 2005 largissime
766 1944 1074 2008 praedicaret
1112 1943 1341 2009 Dionysii
1379 1941 1797 2008 Syracusanorum
1836 1937 1936 2003 Ty-

454 2029 592 2076 ranni
636 2044 755 2093 opes
783 2045 841 2077 ac
878 2028 1301 2092 magnificentiam,
1339 2032 1639 2091 negaretque
1680 2024 1829 2074 ullum
1855 2038 1938 2072 un-

450 2127 594 2175 quam
621 2113 864 2179 Dionysio
891 2114 1163 2162 beatiorem
1189 2114 1358 2172 fuisse,
1397 2112 1549 2172 visne,
1574 2109 1730 2175 inquit
1751 2108 1937 2172 Diony-

453 2196 570 2257 sius,
598 2196 824 2260 quoniam
850 2198 973 2246 haec
998 2202 1046 2246 te
1071 2197 1174 2246 vita
1203 2197 1427 2256 delectat,
1465 2195 1573 2259 ipse
1611 2193 1814 2244 eandem
1839 2187 1933 2240 de-

449 2280 690 2357 gustaie‘?
716 2281 768 2329 Is
795 2295 900 2328 cum
928 2296 1107 2345 cupere
1132 2297 1187 2330 se
1215 2280 1434 2340 dixisset,
1461 2278 1606 2328 iussit
1631 2274 1899 2326 hommem
1884 2291 1934 2323 1n

448 2346 682 2428 palatium
707 2364 1002 2425 introduci,
989 2380 1038 2412 ln
1065 2380 1211 2414 aureo
1237 2365 1363 2413 lecto
1389 2361 1663 2427 magnificis
1697 2358 1934 2422 stragulis

449 2455 603 2498 strato
641 2447 899 2509 collocari,
940 2449 1122 2498 abacos
1160 2450 1433 2513 complures
1472 2461 1590 2495 auro
1629 2449 1932 2506 argentoque

449 2533 634 2582 coelato
661 2531 838 2592 ornari,
866 2532 1174 2596 selectosque
1203 2531 1539 2581 adolescentes
1565 2528 1629 2577 ad
1653 2533 1816 2577 nutum
1843 2526 1934 2575 illi-

448 2632 506 2666 us
530 2616 775 2665 intuentes
802 2615 1060 2678 diligenter
1085 2616 1375 2665 ministrare.
1423 2613 1692 2662 Exultabat
1728 2611 1815 2671 hist*
1834 2609 1936 2660 Da-

450 2703 652 2760 mocles,.
672 2706 720 2750 et
744 2699 1180 2749 fortunatissimum
1205 2700 1301 2749 iam
1329 2714 1383 2748 se
1415 2697 1623 2747 omnium
1661 2695 1935 2746 mortalium

450 2802 562 2836 esse
599 2785 872 2835 iudicabat:
913 2799 1019 2834 cum
1057 2800 1170 2833 ecce
1207 2785 1258 2833 in
1295 2783 1454 2833 medio
1491 2796 1655 2831 rerum
1694 2784 1935 2846 apparatu

450 2871 809 2935 splendoreque
834 2868 1101 2933 fulgentem
1128 2886 1154 2917 e
1181 2868 1396 2918 lacunari
1423 2866 1642 2931 gladium
1669 2868 1778 2914 seta
1802 2861 1933 2926 equi-

450 2970 513 3002 na
552 2955 621 3003 ita
660 2959 797 3003 curat
836 2953 1020 3003 demitti
1060 2953 1343 3018 Dionysius,
1385 2957 1435 3000 ut
1473 2948 1642 2999 vertici
1681 2944 1933 2997 Damoclis
