2112 3288
0 370 19 462 ξ

0 466 20 599 ἓ..

878 156 930 199 ns
957 156 1147 201 nomin.
1519 200 1525 203 ,
1629 161 1770 216 LXIX

259 280 391 347 apud
415 279 693 338 Hebraeos,
734 294 878 342 quam
906 278 1038 343 apud
1078 293 1168 328 nos
1203 279 1409 328 eandem
1435 297 1560 344 pene
1588 281 1773 343 signifi-

258 365 503 415 cationem
530 361 796 412 obtineant.
850 361 1047 412 Deinde
1085 367 1193 412 utut
1218 362 1343 411 haec
1369 363 1492 412 nihil
1532 364 1596 412 ad
1628 364 1773 413 huius

256 449 572 500 Literaturae
598 447 1069 496 commendationem
1095 446 1299 508 faciant,
1329 450 1493 496 tamen
1528 448 1773 496 honestis-

256 534 428 584 simum
454 545 651 596 semper
692 531 915 581 habitum
942 535 1019 579 est
1043 545 1440 595 unamquamque
1466 536 1663 594 gentem
1690 547 1773 596 pe-

256 617 430 668 culiari
454 616 740 666 Literatura
776 616 848 665 uti
887 631 947 664 ac
983 615 1093 664 frui.
1136 614 1376 664 Videmus
1415 615 1544 664 enim
1578 616 1772 680 paucis·

255 701 407 752 simas
435 715 547 750 esse
574 705 766 763 gentes,
794 698 982 763 alioqui
1021 698 1260 748 civilitate
1288 704 1336 747 et
1362 700 1584 764 potentia
1610 701 1771 748 excel-

252 787 426 846 lentes,
464 799 591 848 quae
630 783 968 849 peculiaribus
1009 783 1195 832 Literis
1233 783 1580 847 linguas'suas
1607 783 1767 848 expri-

253 885 387 920 mere
411 873 646 934 possent:
675 884 790 917 nam
830 871 964 917 certe
1002 883 1094 916 nec
1118 866 1251 929 Itali,
1292 883 1384 916 nec
1418 867 1652 932 Hispani,
1679 883 1772 917 nec

255 952 408 1019 Galli,
429 968 520 1003 nec
562 950 805 1002 Germani
844 951 1076 1017 proprios
1103 952 1290 1001 habent
1317 951 1653 1011 characteres,
1682 952 1773 1001 sed

253 1053 422 1089 eorum
447 1037 740 1103 populorum
777 1036 971 1097 literae,
1010 1051 1072 1085 ex
1099 1036 1255 1086 latina
1295 1036 1493 1100 lingua,
1534 1041 1770 1101 tanquam

251 1125 401 1183 fonte,
427 1125 802 1187 promanarunt.
833 1118 1020 1170 Graeci
1059 1120 1252 1184 quidem
1270 1120 1472 1184 gloriati
1498 1125 1611 1170 sunt
1626 1136 1682 1170 se
1710 1137 1772 1170 ex

250 1204 521 1256 Phoenicia
546 1205 718 1254 literas
756 1205 925 1254 nescio
953 1219 1078 1268 quas
1117 1204 1359 1265 attulisse,
1401 1204 1529 1254 alias
1564 1220 1683 1254 vero
1707 1221 1770 1254 ex

252 1305 428 1355 gruum
453 1289 622 1339 volatu
660 1289 993 1353 excogitasse,
1032 1290 1084 1338 in
1111 1304 1332 1353 eumque,
1374 1304 1518 1353 quem
1544 1305 1673 1339 nunc
1700 1291 1769 1338 vi-

254 1374 424 1424 demus
463 1373 697 1432 ordinem,
732 1372 1025 1437 digessisse.
1062 1371 1210 1422 Vnde
1248 1387 1346 1422 non
1373 1374 1676 1423 erubescunt
1699 1374 1770 1423 in-

254 1458 534 1508 ventionem
562 1457 922 1523 Philosophiae
951 1462 1100 1522 atque
1128 1458 1285 1508 omnis
1312 1458 1548 1508 scientiae
1574 1463 1624 1508 et
1648 1459 1773 1508 anti-

252 1543 455 1608 quitatis
494 1543 592 1592 sibi
631 1558 899 1606 arrogare:
930 1543 1019 1592 sed
1057 1543 1139 1591 vel
1178 1540 1273 1591 hae
1313 1543 1454 1607 ipsae
1482 1542 1659 1592 literae
1685 1558 1770 1593 no-

253 1632 391 1678 strae
416 1627 616 1677 fabulas
635 1642 801 1677 eorum
817 1626 1014 1676 abunde
1039 1627 1271 1686 refutant,
1301 1643 1361 1676 ac
1376 1627 1771 1680 certistestimo-

251 1712 346 1761 niis
387 1711 726 1762 demonstrant
773 1710 1030 1761 Asiaticos
1058 1710 1274 1775 Scythas
1315 1716 1364 1760 et
1389 1710 1689 1761 vetustiores
1717 1715 1766 1760 et

252 1796 436 1862 populo
457 1796 555 1846 Dei
571 1796 720 1860 longe
735 1797 1117 1862 propinquiores
1132 1797 1259 1862 ipsis
1279 1796 1465 1846 fuisse:
1494 1796 1765 1846 literarum-

248 1896 342 1946 que
369 1881 627 1931 scientiam
655 1886 703 1932 et
720 1881 1018 1947 sapientiam
1045 1882 1107 1931 ab
1130 1881 1381 1931 Hebraeis
1408 1881 1472 1931 ad
1499 1881 1767 1939 Asiaticos,

247 1967 311 2017 ab
337 1966 416 2015 his
443 1965 508 2023 ad
548 1964 775 2016 Graecos
816 1966 1008 2016 demum
1046 1981 1388 2032 promanasse.
1429 1968 1537 2016 Iam
1578 1982 1696 2016 vero
1724 1967 1768 2016 si

246 2049 328 2100 vel
350 2066 602 2100 numerum
644 2051 901 2101 literarum
928 2056 1214 2101 nostrarum
1240 2056 1455 2116 specteS,
1484 2066 1652 2101 omnes
1679 2051 1768 2101 ali-

247 2150 387 2185 arum
413 2135 632 2199 gentium
679 2135 996 2185 characteres
1049 2141 1317 2202 superant3
1345 2136 1425 2185 vel
1465 2135 1769 2200 elegantiam

248 2219 553 2282 consideres,
579 2218 731 2270 nullis
759 2226 893 2270 certe
933 2226 1214 2271 exterorum
1242 2220 1499 2270 elementis
1527 2221 1669 2271 cedit.
1710 2222 1769 2271 In

244 2304 338 2355 hoc
363 2320 483 2355 vero
509 2306 685 2355 literae
725 2311 929 2356 nostrae
969 2307 1179 2356 aliarum
1206 2305 1426 2370 gentium
1463 2305 1637 2355 literas
1664 2306 1767 2355 lon-

243 2388 322 2451 gis
361 2389 509 2439 etiam
549 2390 851 2455 parasangis
892 2394 1145 2456 superant,
1198 2390 1332 2454 quod
1361 2394 1411 2439 et
1439 2390 1545 2439 sine
1571 2391 1767 2455 punctis

248 2474 559 2536 scribuntur,
602 2478 650 2524 et
686 2475 1124 2540 pronunciationes
1163 2490 1335 2524 omnes
1373 2479 1578 2524 nostrae
1611 2475 1763 2524 multo

244 2571 391 2622 quam
416 2557 625 2608 aliarum
666 2560 915 2610 nationum
956 2560 1132 2610 literae
1158 2558 1431 2625 perfectius
1470 2559 1763 2623 exprimunt,

245 2646 294 2692 et
321 2641 670 2707 denique-illis
709 2646 937 2695 omnibus
975 2645 1174 2695 facilius
1213 2644 1547 2695 addiscuntur.
1602 2642 1760 2692 Grae-

244 2742 366 2787 cam,
394 2726 692 2791 Hebraeam,
714 2729 946 2780 Latinam
973 2730 1193 2793 linguam
1221 2735 1325 2779 toto
1353 2729 1485 2778 vitae
1519 2728 1762 2777 curriculo

243 2812 325 2862 vix
377 2811 688 2866 mediocriter
739 2815 999 2865 addiscere
1052 2829 1316 2880 possumus
1341 2832 1350 2861 :
1395 2810 1761 2868 Germanicam,

245 2895 508 2959 Gallicam,
536 2897 861 2963 Hispanicam
888 2900 1177 2950 difficillime
1198 2898 1479 2957 inbibimus‚
1509 2902 1558 2946 et
1584 2897 1647 2946 ad
1674 2912 1762 2946 eas

242 2995 304 3032 ex
348 2985 456 3032 arte
506 2982 835 3038 addiscendas
887 2991 938 3035 et·
978 2983 1327 3055 percipiendas
1378 2980 1542 3031 multis
1593 2980 1749 3043 libris,
