2112 3288
458 195 562 246 224
994 211 1057 245 10.
1083 211 1215 244 DEOII
1239 211 1437 245 BAnovn

460 327 591 377 veris
617 327 797 388 nitrati,
824 332 1185 388 commeatuum,
1228 342 1482 387 armorum,
1513 328 1799 378 bellicarum
1824 334 1946 379 cete-

458 426 718 475 rarumque
742 426 916 471 rerum,
944 426 1067 474 quae
1093 410 1225 459 bello
1252 411 1466 474 gerendo
1492 412 1600 461 usui
1626 427 1741 462 esse
1770 413 1944 474 solent,

460 495 649 560 copiam
684 495 754 557 ibi
785 495 980 560 reperit,
1020 495 1240 558 quamvis
1278 495 1361 543 vix
1400 495 1580 559 exigua
1627 501 1802 560 postea
1825 511 1944 562 pars

457 594 639 640 earum,
668 576 975 642 negligentia
1013 578 1197 639 ducum,
1235 578 1285 626 in
1311 577 1554 643 Principis
1581 580 1753 628 fiscum
1783 595 1944 630 arma-

457 662 805 713 mentariumve
855 662 1055 711 redacta
1105 661 1182 710 sit.
1236 662 1351 722 Mox
1388 660 1627 727 Princeps
1681 662 1949 725 fugientem-

461 745 693 797 Sinanum
729 746 865 796 nulla
901 746 1192 810 interposita
1216 761 1352 796 mora
1376 747 1767 811 persequendum
1791 752 1943 812 ratus,

460 832 684 883 maximis
709 831 979 892 itineribUS,
1007 846 1192 881 summa
1217 832 1438 882 cautione
1456 832 1687 894 adhibita,
1713 848 1943 896 persecu-

457 921 536 966 tus
563 921 652 966 est.
691 914 788 965 Sed
815 915 928 979 quia
955 913 1168 965 Sinanus
1207 931 1406 977 omnem,
1447 931 1541 981 qua
1566 917 1816 982 profectus
1840 918 1943 966 fue-

456 1004 547 1061 rat,
572 999 823 1062 regionem
838 1003 1109 1059 exusserat,
1135 999 1413 1048 Bokoresto
1445 1000 1507 1049 ad
1533 1000 1727 1049 laevam
1756 1000 1940 1064 relicte,

458 1083 652 1132 diverso
679 1100 709 1132 a
724 1083 902 1132 Turcis
926 1082 1100 1132 itinere
1121 1083 1289 1148 copias
1305 1098 1420 1132 suas
1434 1083 1675 1148 Princeps
1694 1085 1936 1136 ductabat.

704 1343 935 1394 CAPVT
978 1341 1302 1395 DECIMVM
1340 1343 1699 1405 QVARTVM.

459 1467 534 1514 De
560 1473 704 1529 capta
722 1481 832 1513 arce
857 1463 1021 1525 ι11311160,
1062 1465 1173 1511 item
1216 1463 1424 1512 castellis
1463 1463 1762 1530 Vilciqosvdr,
1787 1467 1938 1531 Arad,

706 1547 942 1608 Ραπῖεοΐα,
973 1545 1094 1608 Sir-5,
1123 1546 1399 1609 SOliomkw,
1427 1557 1469 1596 et
1492 1551 1670 1599 ceteri-5.

600 1667 938 1717 Advolaverat
961 1666 1057 1714 i-am
1081 1665 1132 1714 in
1155 1667 1304 1715 urbes
1321 1667 1747 1731 Transylvanicas
1773 1671 1936 1723 laetis-

457 1754 580 1802 sima
593 1751 848 1815 defugatis
863 1747 1080 1816 (Turcis)
1097 1755 1336 1814 captoque
1363 1751 1659 1813 Tergovisto
1674 1739 1820 1816 fama,
1845 1773 1934 1821 pro

457 1853 565 1902 qua,
581 1837 691 1886 dum
704 1835 900 1885 ordines
914 1848 1097 1895 omneS,
1125 1832 1352 1882 ardentes
1362 1834 1470 1883 Deo
1484 1834 1723 1899 domatim,
1738 1838 1934 1889 vicatim

456 1921 816 1987 oppidatimque
853 1919 1041 1982 gratias
1079 1922 1242 1980 agunt,
1281 1923 1330 1966 et
1363 1919 1573 1968 maiores
1610 1919 1748 1984 ipsae
1785 1924 1933 1973 urbes

452 2007 502 2055 in
540 2006 731 2069 signum
766 2002 992 2067 publicae
1029 2002 1247 2051 laetitiae
1296 1995 1547 2051 tormentis
1584 2003 1777 2054 bellicis
1811 2006 1933 2056 into-

455 2094 584 2150 nant,
612 2104 724 2138 ecce
750 2089 876 2137 alter
900 2087 1101 2136 nuncius
1140 2086 1326 2150 pariter
1349 2086 1679 2137 faustissimus
1705 2089 1765 2137 de
1791 2095 1934 2156 capta

452 2189 566 2222 arce
592 2172 741 2223 Ieneo
779 2170 1083 2233 evangelium
1121 2174 1362 2234 apportat.
1415 2168 1575 2235 Oap'ta
1608 2173 1733 2221 enim
1759 2174 1931 2239 Lippa,

451 2257 665 2306 iusserat
689 2255 924 2318 Princeps
951 2253 1357 2315 Varadiensibus,
1399 2253 1481 2317 qui
1517 2255 1579 2302 ob
1617 2271 1719 2304 rem
1758 2257 1930 2307 adver-

455 2355 540 2389 sus
567 2339 807 2389 Tartaros
832 2338 1102 2402 praeterita
1127 2337 1302 2401 hyeme
1339 2337 1467 2386 male
1501 2343 1703 2400 gestam,
1739 2341 1929 2391 nomine

451 2422 796 2487 negligentiae,
835 2426 884 2470 61
920 2421 1163 2484 ignaviae,
1201 2420 1419 2470 nonnulli
1470 2421 1614 2470 etiam
1665 2422 1927 2486 primorum

450 2506 752 2572 proditionis,
778 2505 990 2570 pessime
1016 2506 1079 2553 ab
1106 2505 1325 2553 omnibus
1351 2506 1455 2553 fere
1472 2505 1748 2568 audiebant,
1773 2507 1927 2558 iusse-

452 2594 541 2649 rat·
560 2589 756 2654 inquam
779 2588 855 2649 iis,
882 2592 934 2636 ut
945 2587 1334 2650 Lugasiensibus
1361 2588 1597 2637 coniuncti
1621 2590 1927 2654 praeclarum

449 2673 655 2740 aliquod,
679 2671 871 2721 virtutis
909 2671 1153 2736 specimen
1203 2672 1416 2721 ederent,
1469 2674 1547 2721 Ita
1606 2689 1659 2723 re
1709 2675 1759 2724 in
1796 2691 1925 2725 com-

448 2774 590 2827 mune
615 2758 901 2818 deliberata,
927 2772 988 2805 ex
1013 2756 1279 2820 composito
1296 2755 1543 2820 Georgius
1557 2758 1788 2823 Borbely,
1821 2759 1924 2809 Ste-

449 2843 660 2906 phanum
697 2842 888 2902 BekeS,
927 2841 1509 2903 Eanum-Lugasiensem,
1548 2857 1654 2891 cum
1679 2844 1809 2893 mille
1836 2845 1924 2893 cir-
2000 2908 2003 2912 Δ

450 2927 571 2975 61161
607 2926 784 2991 partim
825 2924 1096 2989 equitibUS,
1141 2925 1322 2989 partim
1359 2925 1603 2989 peditibus
1641 2927 1790 2987 misit,
1843 2927 1924 2991 qui

450 3015 709 3073 antequam
735 3008 1103 3058 Varadinenses
1128 3009 1298 3072 copiae
1328 3010 1546 3071 afforcnt,
1574 3011 1919 3060 commeatibus
