2112 3288
587 252 653 294 nn
678 256 788 294 nun.
814 257 925 293 vno.
952 256 1148 293 onan.
1177 258 1222 292 n.
1251 258 1282 293 1.
1619 245 1724 299 291

226 374 353 426 cium
377 375 441 426 ad
455 375 731 425 'Parcarum
743 372 1028 434 Caesarem,
1058 373 1117 423 de
1143 374 1378 424 tentanda
1390 391 1515 439 pace
1528 377 1723 428 mittere

224 458 411 510 statuit.
440 457 686 522 Deligitur
724 472 845 521 ergo
873 472 935 507 ex
962 456 1092 506 omni
1117 471 1317 508 numero
1331 457 1578 508 Martinus
1593 459 1726 510 Lite-

222 530 363 591 ratus
388 540 657 607 Lippensis
676 541 920 606 provisor,
958 540 1035 590 vir
1072 540 1272 604 linguae
1299 541 1542 592 Turcicae
1568 543 1731 608 impri-

227 623 320 674 mis
345 623 552 690 peritus.
607 622 653 672 fs
693 639 800 673 cum
836 617 982 673 haud‘
1006 624 1173 674 multis
1211 625 1469 674 comitibus
1494 641 1584 690 per
1609 625 1732 674 fines

225 705 595 773 Transalpinae
633 705 1112 772 Constantinopolim
1134 707 1505 772 proficiscitur,
1551 709 1729 774 partim

223 795 279 841 ut
304 790 516 840 animum
541 790 742 856 tyranni
770 790 830 839 de
868 806 990 856 pace
1020 796 1340 856 pertentaret,
1378 793 1559 858 partim
1596 806 1729 850 vem,

222 874 267 925 si
291 873 343 924 id
366 873 525 923 minus
554 889 615 923 ex
642 873 791 923 animi
819 874 1066 924 sententia
1093 875 1347 937 cessisset,
1381 876 1515 925 vires
1544 874 1731 924 Turca-

222 973 332 1008 rum
362 957 739 1023 molitionesque
779 959 1108 1008 clancularias
1149 960 1252 1009 eius
1293 960 1442 1009 animi
1480 959 1733 1023 sagaciter

224 1040 577 1104 investigaret:
611 1057 757 1106 quum
784 1056 842 1091 eo
870 1043 1161 1107 appulisset,
1187 1043 1469 1108 praecipuis
1495 1057 1734 1108 purpura-

223 1125 289 1175 tis
317 1125 513 1175 obviam
540 1125 722 1187 missis,
764 1124 1262 1175 honorificentissime
1297 1142 1405 1176 eum
1434 1125 1625 1182 Caesar
1652 1141 1733 1175 ex·

225 1209 388 1275 cepit„
423 1196 542 1258 Mox
589 1208 762 1274 paucis
814 1209 987 1259 diebus
1040 1210 1192 1273 quieti
1232 1210 1360 1259 datis
1423 1225 1530 1259 eum
1571 1224 1734 1259 accer-

227 1293 306 1356 sit,
333 1298 383 1342 et
407 1298 508 1342 tam
533 1292 732 1357 publice
760 1309 906 1357 quam
938 1287 1168 1359 privatim
1196 1298 1381 1343 attente
1409 1293 1635 1351 exaudit,
1675 1309 1734 1343 ac

224 1377 372 1443 paulo
398 1381 513 1443 post
537 1377 588 1425 in
615 1377 940 1427 diversorium
967 1377 1229 1440 magnifica
1257 1393 1363 1427 cum
1388 1394 1570 1443 pompa
1586 1377 1733 1427 redu-

225 1459 433 1510 cendum
459 1465 609 1510 curat.
651 1459 894 1509 Perlectis
923 1459 1225 1524 Sigismundi
1251 1461 1425 1522 literis,
1465 1459 1733 1525 habitoque

223 1544 444 1606 concili0,
469 1559 642 1593 rursus
667 1560 777 1593 eum
792 1542 985 1593 Caesar
1011 1545 1074 1593 ad
1100 1560 1155 1594 se
1182 1550 1328 1595 vocat
1354 1550 1403 1594 et
1426 1544 1624 1610 prolixa
1649 1542 1732 1593 ad-

224 1626 419 1677 modum
446 1627 846 1692 gravissimaque
872 1628 1109 1690 oratione,
1150 1628 1214 1677 ad
1239 1644 1412 1693 pacem
1439 1629 1733 1693 amplecten-

225 1710 336 1761 dam
361 1710 643 1776 Principem
679 1711 918 1760 hortatur.
943 1711 1124 1761 Paucis
1163 1717 1291 1776 post,
1331 1713 1502 1762 literas
1542 1710 1736 1760 Caesar

225 1793 292 1844 ad
316 1790 683 1857 Sigismundum
710 1793 809 1855 dat,
838 1809 898 1843 ac
923 1793 974 1842 in
1000 1794 1062 1843 iis
1090 1794 1388 1856 gravissime
1416 1811 1525 1845 eum
1547 1795 1610 1844 ad
1625 1809 1736 1843 con-

224 1876 610 1928 foederationem
637 1876 870 1926 stimulat.
910 1875 1018 1937 Quo
1045 1892 1163 1928 vero
1191 1878 1472 1929 mandatum
1499 1877 1736 1928 Caesaris

223 1961 356 2012 foret
379 1960 580 2022 firmius,
608 1960 870 2025 epistolam
896 1966 1052 2010 mater
1067 1977 1261 2026 quoque
1282 1961 1534 2025 Caesaris,
1561 1963 1738 2011 relicta

226 2043 492 2106 Amuratis,
519 2044 729 2095 seorsim
744 2044 807 2094 ad
819 2043 1097 2108 Principem
1113 2046 1325 2109 expedit,
1348 2061 1553 2110 eumque
1574 2061 1736 2094 aman-

225 2127 434 2177 tissimis
472 2128 643 2176 verbis
682 2128 823 2176 filiali
859 2143 1065 2190 prorsus
1105 2129 1285 2177 affectu
1318 2130 1382 2178 ad
1408 2129 1737 2178 obedientiam

228 2216 402 2277 portae
430 2209 714 2274 Caesareae
752 2212 1105 2276 praestandam
1132 2214 1516 2263 commonefacit.
1546 2213 1737 2274 Quibus

226 2294 472 2346 mandatis
499 2293 1040 2358 MartinusinstructUS,
1069 2297 1450 2363 ingentibusque
1476 2297 1737 2363 promissis

232 2381 381 2445 atque
418 2380 560 2430 donis
587 2386 835 2442 oneratus,
877 2381 1070 2430 domum
1097 2382 1372 2431 remittitur.
1423 2383 1475 2431 Is
1501 2382 1552 2431 in
1578 2381 1738 2431 Tran-

231 2463 509 2529 sylvaniam
542 2479 776 2514 reversus
814 2465 1066 2529 postulata
1091 2463 1330 2515 Caesaris
1357 2466 1572 2531 exponit,
1612 2480 1738 2529 quae

230 2565 337 2599 cum
364 2549 565 2599 duriora
589 2550 888 2611 viderentur,
929 2550 1092 2615 coepit
1115 2550 1249 2600 illico
1272 2550 1513 2616 Princeps
1542 2551 1601 2599 de
1627 2564 1738 2612 pro-

230 2633 393 2682 vincia
429 2633 745 2696 resignanda,
785 2635 1232 2699 gubernaculisque
1274 2636 1379 2684 eius
1419 2633 1737 2698 disponendis

232 2716 469 2780 cogitare.
508 2717 661 2766 Mittit
690 2718 842 2781 igitur
881 2718 1087 2768 eundem
1114 2720 1338 2770 nuncium
1378 2719 1443 2767 ad
1469 2718 1738 2766 Caesarem

230 2799 560 2865 Rudolphum,
588 2816 793 2865 eumque
820 2802 879 2851 de
908 2803 1132 2852 omnibus
1153 2809 1250 2852 tam
1279 2802 1395 2858 suis,
1423 2817 1566 2865 quam
1581 2800 1738 2863 Impe-

230 2884 412 2933 ratoris
440 2883 715 2934 Turcarum
752 2886 1007 2936 conatibus
1047 2887 1232 2936 edocet.
1278 2887 1395 2934 Mox
1434 2884 1585 2932 misso
1622 2883 1740 2932 illuc

231 2967 490 3033 Alphonso
517 2966 723 3018 Carillio
763 2969 964 3028 Iesuita‚
1004 2975 1203 3035 pactum
1243 2968 1458 3018 foederis
1494 2971 1652 3030 urget,
1691 2972 1740 3016 et

227 3051 529 3117 provinciam
556 3051 654 3101 sibi
673 3052 967 3116 promissam
991 3053 1187 3103 iamiam
1225 3052 1481 3116 designari
1505 3053 1736 3116 postulat.

1439 3145 1518 3187 19*
