<?xml version="1.0" encoding="UTF-8"?>
<!DOCTYPE html PUBLIC "-//W3C//DTD XHTML 1.0 Transitional//EN"
    "http://www.w3.org/TR/xhtml1/DTD/xhtml1-transitional.dtd">
<html xmlns="http://www.w3.org/1999/xhtml" xml:lang="en" lang="en">
 <head>
  <title>
</title>
<meta http-equiv="Content-Type" content="text/html;charset=utf-8" />
  <meta name='ocr-system' content='tesseract 3.04.00' />
  <meta name='ocr-capabilities' content='ocr_page ocr_carea ocr_par ocr_line ocrx_word'/>
</head>
<body>
  <div class='ocr_page' id='page_1' title='image "./baronyaidecsij00deciuoft_0253.png"; bbox 0 0 2112 3288; ppageno 0'>
   <div class='ocr_carea' id='block_1_1' title="bbox 555 156 1714 219">
    <p class='ocr_par' dir='ltr' id='par_1_1' title="bbox 555 156 1714 219">
     <span class='ocr_line' id='line_1_1' title="bbox 555 156 1714 219; baseline -0.003 -9"><span class='ocrx_word' id='word_1_1' title='bbox 555 179 619 211; x_wconf 82' lang='lat' dir='ltr'>DE</span> <span class='ocrx_word' id='word_1_2' title='bbox 643 178 750 211; x_wconf 67' lang='grc' dir='ltr'><strong>ΗΕΒ.</strong></span> <span class='ocrx_word' id='word_1_3' title='bbox 776 176 887 209; x_wconf 80' lang='lat' dir='ltr'><strong>VNG.</strong></span> <span class='ocrx_word' id='word_1_4' title='bbox 919 176 1025 208; x_wconf 68' lang='lat' dir='ltr'>msc.</span> <span class='ocrx_word' id='word_1_5' title='bbox 1054 176 1099 208; x_wconf 89' lang='lat' dir='ltr'>x.</span> <span class='ocrx_word' id='word_1_6' title='bbox 1126 176 1169 208; x_wconf 86' lang='lat' dir='ltr'>L.</span> <span class='ocrx_word' id='word_1_7' title='bbox 1195 176 1277 208; x_wconf 83' lang='lat' dir='ltr'>vn.</span> <span class='ocrx_word' id='word_1_8' title='bbox 1518 202 1525 205; x_wconf 70' lang='grc'>,</span> <span class='ocrx_word' id='word_1_9' title='bbox 1567 156 1665 207; x_wconf 82' lang='grc'>169</span> <span class='ocrx_word' id='word_1_10' title='bbox 1711 215 1714 219; x_wconf 47' lang='grc'><em>,</em></span> 
     </span>
    </p>
   </div>
   <div class='ocr_carea' id='block_1_2' title="bbox 143 290 1669 3075">
    <p class='ocr_par' dir='ltr' id='par_1_2' title="bbox 143 290 1669 3075">
     <span class='ocr_line' id='line_1_2' title="bbox 180 290 1669 358; baseline -0.008 -9"><span class='ocrx_word' id='word_1_11' title='bbox 180 314 289 348; x_wconf 81' lang='lat' dir='ltr'>nam</span> <span class='ocrx_word' id='word_1_12' title='bbox 317 310 496 355; x_wconf 85' lang='lat' dir='ltr'>eorum,</span> <span class='ocrx_word' id='word_1_13' title='bbox 524 295 605 358; x_wconf 90' lang='lat' dir='ltr'>qui</span> <span class='ocrx_word' id='word_1_14' title='bbox 632 309 693 342; x_wconf 83' lang='lat' dir='ltr'>ex</span> <span class='ocrx_word' id='word_1_15' title='bbox 719 291 1029 357; x_wconf 88' lang='lat' dir='ltr'>praescripto</span> <span class='ocrx_word' id='word_1_16' title='bbox 1058 291 1211 355; x_wconf 89' lang='lat' dir='ltr'>Legis</span> <span class='ocrx_word' id='word_1_17' title='bbox 1238 291 1394 340; x_wconf 90' lang='lat' dir='ltr'>Iuliae</span> <span class='ocrx_word' id='word_1_18' title='bbox 1420 291 1468 338; x_wconf 94' lang='lat' dir='ltr'>in</span> <span class='ocrx_word' id='word_1_19' title='bbox 1513 290 1669 338; x_wconf 81' lang='lat' dir='ltr'>mani-&#39;</span> 
     </span>
     <span class='ocr_line' id='line_1_3' title="bbox 176 374 1669 434; baseline -0.007 -2"><span class='ocrx_word' id='word_1_20' title='bbox 176 384 351 432; x_wconf 80' lang='lat' dir='ltr'>festum</span> <span class='ocrx_word' id='word_1_21' title='bbox 399 380 568 428; x_wconf 86' lang='lat' dir='ltr'>laesae</span> <span class='ocrx_word' id='word_1_22' title='bbox 594 376 875 426; x_wconf 77' lang='lat' dir='ltr'>Maiestatis</span> <span class='ocrx_word' id='word_1_23' title='bbox 914 375 1095 424; x_wconf 82' lang='lat' dir='ltr'>crimen</span> <span class='ocrx_word' id='word_1_24' title='bbox 1135 375 1481 434; x_wconf 76' lang='lat' dir='ltr'>incurrissent,</span> <span class='ocrx_word' id='word_1_25' title='bbox 1542 374 1669 422; x_wconf 93' lang='lat' dir='ltr'>omni</span> 
     </span>
     <span class='ocr_line' id='line_1_4' title="bbox 176 458 1668 530; baseline -0.007 -14"><span class='ocrx_word' id='word_1_26' title='bbox 176 481 238 516; x_wconf 80' lang='lat' dir='ltr'>ex</span> <span class='ocrx_word' id='word_1_27' title='bbox 262 468 404 530; x_wconf 74' lang='lat' dir='ltr'>parte</span> <span class='ocrx_word' id='word_1_28' title='bbox 429 467 600 523; x_wconf 86' lang='lat' dir='ltr'>ratam,</span> <span class='ocrx_word' id='word_1_29' title='bbox 628 461 915 526; x_wconf 89' lang='lat' dir='ltr'>firmamque</span> <span class='ocrx_word' id='word_1_30' title='bbox 940 459 1142 520; x_wconf 89' lang='lat' dir='ltr'>habere,</span> <span class='ocrx_word' id='word_1_31' title='bbox 1168 465 1218 510; x_wconf 90' lang='lat' dir='ltr'>et</span> <span class='ocrx_word' id='word_1_32' title='bbox 1232 458 1566 508; x_wconf 91' lang='lat' dir='ltr'>communibus</span> <span class='ocrx_word' id='word_1_33' title='bbox 1582 473 1668 506; x_wconf 82' lang='lat' dir='ltr'>vo-</span> 
     </span>
     <span class='ocr_line' id='line_1_5' title="bbox 174 541 1668 612; baseline -0.006 -14"><span class='ocrx_word' id='word_1_34' title='bbox 174 549 240 599; x_wconf 77' lang='lat' dir='ltr'>tis</span> <span class='ocrx_word' id='word_1_35' title='bbox 277 563 337 597; x_wconf 86' lang='lat' dir='ltr'>ac</span> <span class='ocrx_word' id='word_1_36' title='bbox 371 547 577 612; x_wconf 91' lang='lat' dir='ltr'>paribus</span> <span class='ocrx_word' id='word_1_37' title='bbox 615 545 825 594; x_wconf 92' lang='lat' dir='ltr'>omnium</span> <span class='ocrx_word' id='word_1_38' title='bbox 853 543 1104 608; x_wconf 87' lang='lat' dir='ltr'>suffragiis</span> <span class='ocrx_word' id='word_1_39' title='bbox 1134 558 1221 592; x_wconf 90' lang='lat' dir='ltr'>eos</span> <span class='ocrx_word' id='word_1_40' title='bbox 1258 542 1435 608; x_wconf 90' lang='lat' dir='ltr'>partim</span> <span class='ocrx_word' id='word_1_41' title='bbox 1461 541 1668 590; x_wconf 87' lang='lat' dir='ltr'>fraterni</span> 
     </span>
     <span class='ocr_line' id='line_1_6' title="bbox 176 622 1667 696; baseline -0.005 -14"><span class='ocrx_word' id='word_1_42' title='bbox 176 632 460 696; x_wconf 84' lang='lat' dir='ltr'>sanguinis,</span> <span class='ocrx_word' id='word_1_43' title='bbox 497 630 678 696; x_wconf 89' lang='lat' dir='ltr'>partim</span> <span class='ocrx_word' id='word_1_44' title='bbox 715 622 865 679; x_wconf 85' lang='lat' dir='ltr'>totius</span> <span class='ocrx_word' id='word_1_45' title='bbox 905 627 1178 678; x_wconf 81' lang='lat' dir='ltr'>Christiani</span> <span class='ocrx_word' id='word_1_46' title='bbox 1217 628 1352 677; x_wconf 90' lang='lat' dir='ltr'>orbis</span> <span class='ocrx_word' id='word_1_47' title='bbox 1391 625 1667 692; x_wconf 87' lang='lat' dir='ltr'>proditores</span> 
     </span>
     <span class='ocr_line' id='line_1_7' title="bbox 171 711 1669 784; baseline -0.006 -17"><span class='ocrx_word' id='word_1_48' title='bbox 171 717 510 784; x_wconf 79' lang='lat' dir='ltr'>pronunciare.</span> <span class='ocrx_word' id='word_1_49' title='bbox 535 715 698 779; x_wconf 89' lang='lat' dir='ltr'>Atque</span> <span class='ocrx_word' id='word_1_50' title='bbox 711 714 805 763; x_wconf 91' lang='lat' dir='ltr'>hoc</span> <span class='ocrx_word' id='word_1_51' title='bbox 819 730 874 764; x_wconf 91' lang='lat' dir='ltr'>se</span> <span class='ocrx_word' id='word_1_52' title='bbox 889 730 986 764; x_wconf 93' lang='lat' dir='ltr'>non</span> <span class='ocrx_word' id='word_1_53' title='bbox 999 718 1185 763; x_wconf 90' lang='lat' dir='ltr'>temere</span> <span class='ocrx_word' id='word_1_54' title='bbox 1200 711 1526 762; x_wconf 88' lang='lat' dir='ltr'>crudeliterve</span> <span class='ocrx_word' id='word_1_55' title='bbox 1540 711 1669 759; x_wconf 86' lang='lat' dir='ltr'>face-</span> 
     </span>
     <span class='ocr_line' id='line_1_8' title="bbox 176 794 1666 862; baseline -0.006 -11"><span class='ocrx_word' id='word_1_56' title='bbox 176 817 244 862; x_wconf 90' lang='lat' dir='ltr'>re,</span> <span class='ocrx_word' id='word_1_57' title='bbox 260 801 350 851; x_wconf 90' lang='lat' dir='ltr'>sed</span> <span class='ocrx_word' id='word_1_58' title='bbox 369 801 461 851; x_wconf 93' lang='lat' dir='ltr'>hoc</span> <span class='ocrx_word' id='word_1_59' title='bbox 474 800 683 849; x_wconf 84' lang='lat' dir='ltr'>maxime</span> <span class='ocrx_word' id='word_1_60' title='bbox 699 799 915 858; x_wconf 86' lang='lat' dir='ltr'>consilio,</span> <span class='ocrx_word' id='word_1_61' title='bbox 930 804 983 848; x_wconf 93' lang='lat' dir='ltr'>ut</span> <span class='ocrx_word' id='word_1_62' title='bbox 996 798 1073 847; x_wconf 88' lang='lat' dir='ltr'>his</span> <span class='ocrx_word' id='word_1_63' title='bbox 1089 797 1382 847; x_wconf 90' lang='lat' dir='ltr'>turbulentis</span> <span class='ocrx_word' id='word_1_64' title='bbox 1410 794 1666 861; x_wconf 84' lang='lat' dir='ltr'>(tempori-</span> 
     </span>
     <span class='ocr_line' id='line_1_9' title="bbox 178 880 1667 951; baseline -0.005 -15"><span class='ocrx_word' id='word_1_65' title='bbox 178 882 292 951; x_wconf 87' lang='lat' dir='ltr'>bus)</span> <span class='ocrx_word' id='word_1_66' title='bbox 331 886 555 951; x_wconf 84' lang='lat' dir='ltr'>exemplo</span> <span class='ocrx_word' id='word_1_67' title='bbox 595 884 830 943; x_wconf 90' lang='lat' dir='ltr'>deterriti,</span> <span class='ocrx_word' id='word_1_68' title='bbox 870 889 970 933; x_wconf 86' lang='lat' dir='ltr'>tam</span> <span class='ocrx_word' id='word_1_69' title='bbox 996 882 1201 932; x_wconf 89' lang='lat' dir='ltr'>nefariis</span> <span class='ocrx_word' id='word_1_70' title='bbox 1227 880 1667 931; x_wconf 87' lang='lat' dir='ltr'>machinationibus</span> 
     </span>
     <span class='ocr_line' id='line_1_10' title="bbox 175 963 1662 1035; baseline -0.005 -15"><span class='ocrx_word' id='word_1_71' title='bbox 175 986 287 1021; x_wconf 87' lang='lat' dir='ltr'>sese</span> <span class='ocrx_word' id='word_1_72' title='bbox 308 971 468 1035; x_wconf 89' lang='lat' dir='ltr'>magis</span> <span class='ocrx_word' id='word_1_73' title='bbox 482 970 799 1035; x_wconf 90' lang='lat' dir='ltr'>imposterum</span> <span class='ocrx_word' id='word_1_74' title='bbox 815 969 1108 1018; x_wconf 87' lang='lat' dir='ltr'>abstineant.</span> <span class='ocrx_word' id='word_1_75' title='bbox 1137 967 1373 1028; x_wconf 79' lang='lat' dir='ltr'>Quamvis</span> <span class='ocrx_word' id='word_1_76' title='bbox 1388 970 1548 1015; x_wconf 84' lang='lat' dir='ltr'>autem</span> <span class='ocrx_word' id='word_1_77' title='bbox 1563 963 1662 1013; x_wconf 92' lang='lat' dir='ltr'>An-</span> 
     </span>
     <span class='ocr_line' id='line_1_11' title="bbox 143 1049 1663 1118; baseline -0.004 -13"><span class='ocrx_word' id='word_1_78' title='bbox 143 1086 145 1088; x_wconf 93' lang='lat'>·</span> <span class='ocrx_word' id='word_1_79' title='bbox 170 1055 316 1105; x_wconf 89' lang='lat' dir='ltr'>dreas</span> <span class='ocrx_word' id='word_1_80' title='bbox 330 1054 596 1105; x_wconf 89' lang='lat' dir='ltr'>Bathorius</span> <span class='ocrx_word' id='word_1_81' title='bbox 607 1051 889 1104; x_wconf 80' lang='lat' dir='ltr'>Cardinalis</span> <span class='ocrx_word' id='word_1_82' title='bbox 906 1069 962 1103; x_wconf 91' lang='lat' dir='ltr'>eo</span> <span class='ocrx_word' id='word_1_83' title='bbox 977 1059 1209 1118; x_wconf 89' lang='lat' dir='ltr'>tempore,</span> <span class='ocrx_word' id='word_1_84' title='bbox 1227 1068 1322 1117; x_wconf 91' lang='lat' dir='ltr'>quo</span> <span class='ocrx_word' id='word_1_85' title='bbox 1338 1052 1463 1101; x_wconf 90' lang='lat' dir='ltr'>haec</span> <span class='ocrx_word' id='word_1_86' title='bbox 1477 1049 1663 1100; x_wconf 89' lang='lat' dir='ltr'>accide-</span> 
     </span>
     <span class='ocr_line' id='line_1_12' title="bbox 167 1138 1663 1204; baseline -0.004 -15"><span class='ocrx_word' id='word_1_87' title='bbox 167 1139 353 1202; x_wconf 85' lang='lat' dir='ltr'>rant,in</span> <span class='ocrx_word' id='word_1_88' title='bbox 367 1139 549 1189; x_wconf 88' lang='lat' dir='ltr'>ditione</span> <span class='ocrx_word' id='word_1_89' title='bbox 564 1139 965 1204; x_wconf 87' lang='lat' dir='ltr'>Transylvanica</span> <span class='ocrx_word' id='word_1_90' title='bbox 978 1154 1077 1188; x_wconf 90' lang='lat' dir='ltr'>non</span> <span class='ocrx_word' id='word_1_91' title='bbox 1090 1138 1250 1199; x_wconf 89' lang='lat' dir='ltr'>fuerit,</span> <span class='ocrx_word' id='word_1_92' title='bbox 1266 1142 1430 1187; x_wconf 86' lang='lat' dir='ltr'>tamen</span> <span class='ocrx_word' id='word_1_93' title='bbox 1448 1151 1663 1201; x_wconf 91' lang='lat' dir='ltr'>comper-</span> 
     </span>
     <span class='ocr_line' id='line_1_13' title="bbox 167 1220 1663 1290; baseline -0.003 -16"><span class='ocrx_word' id='word_1_94' title='bbox 167 1229 268 1274; x_wconf 90' lang='lat' dir='ltr'>tum</span> <span class='ocrx_word' id='word_1_95' title='bbox 306 1240 419 1274; x_wconf 88' lang='lat' dir='ltr'>esse</span> <span class='ocrx_word' id='word_1_96' title='bbox 456 1225 616 1290; x_wconf 88' lang='lat' dir='ltr'>ipsum</span> <span class='ocrx_word' id='word_1_97' title='bbox 666 1240 859 1288; x_wconf 90' lang='lat' dir='ltr'>quoque</span> <span class='ocrx_word' id='word_1_98' title='bbox 911 1225 1111 1274; x_wconf 92' lang='lat' dir='ltr'>oblitum</span> <span class='ocrx_word' id='word_1_99' title='bbox 1162 1239 1281 1273; x_wconf 91' lang='lat' dir='ltr'>suae</span> <span class='ocrx_word' id='word_1_100' title='bbox 1333 1220 1663 1285; x_wconf 83' lang='lat' dir='ltr'>obligationis,</span> 
     </span>
     <span class='ocr_line' id='line_1_14' title="bbox 168 1306 1662 1374; baseline -0.002 -17"><span class='ocrx_word' id='word_1_101' title='bbox 168 1309 523 1374; x_wconf 90' lang='lat' dir='ltr'>multorumque</span> <span class='ocrx_word' id='word_1_102' title='bbox 573 1308 819 1373; x_wconf 90' lang='lat' dir='ltr'>Principis</span> <span class='ocrx_word' id='word_1_103' title='bbox 881 1308 1240 1369; x_wconf 87' lang='lat' dir='ltr'>beneficiorum,</span> <span class='ocrx_word' id='word_1_104' title='bbox 1303 1306 1662 1356; x_wconf 89' lang='lat' dir='ltr'>coniuratorum</span> 
     </span>
     <span class='ocr_line' id='line_1_15' title="bbox 169 1391 1660 1456; baseline -0.004 -11"><span class='ocrx_word' id='word_1_105' title='bbox 169 1395 375 1446; x_wconf 86' lang='lat' dir='ltr'>consilia</span> <span class='ocrx_word' id='word_1_106' title='bbox 412 1411 509 1445; x_wconf 92' lang='lat' dir='ltr'>non</span> <span class='ocrx_word' id='word_1_107' title='bbox 537 1394 692 1444; x_wconf 92' lang='lat' dir='ltr'>solum</span> <span class='ocrx_word' id='word_1_108' title='bbox 718 1393 1040 1454; x_wconf 83' lang='lat' dir='ltr'>intellexisse,</span> <span class='ocrx_word' id='word_1_109' title='bbox 1083 1393 1172 1443; x_wconf 91' lang='lat' dir='ltr'>sed</span> <span class='ocrx_word' id='word_1_110' title='bbox 1198 1392 1345 1442; x_wconf 87' lang='lat' dir='ltr'>etiam</span> <span class='ocrx_word' id='word_1_111' title='bbox 1383 1391 1660 1456; x_wconf 85' lang='lat' dir='ltr'>suggestio-</span> 
     </span>
     <span class='ocr_line' id='line_1_16' title="bbox 168 1475 1658 1544; baseline -0.005 -14"><span class='ocrx_word' id='word_1_112' title='bbox 168 1481 325 1542; x_wconf 84' lang='lat' dir='ltr'>nibus,</span> <span class='ocrx_word' id='word_1_113' title='bbox 375 1495 435 1529; x_wconf 92' lang='lat' dir='ltr'>ac</span> <span class='ocrx_word' id='word_1_114' title='bbox 484 1480 853 1544; x_wconf 87' lang='lat' dir='ltr'>quibuscunque</span> <span class='ocrx_word' id='word_1_115' title='bbox 879 1479 1094 1544; x_wconf 87' lang='lat' dir='ltr'>potuerit</span> <span class='ocrx_word' id='word_1_116' title='bbox 1132 1478 1287 1528; x_wconf 91' lang='lat' dir='ltr'>modis</span> <span class='ocrx_word' id='word_1_117' title='bbox 1336 1475 1658 1542; x_wconf 89' lang='lat' dir='ltr'>promovisse.</span> 
     </span>
     <span class='ocr_line' id='line_1_17' title="bbox 169 1561 1659 1627; baseline -0.004 -13"><span class='ocrx_word' id='word_1_118' title='bbox 169 1566 296 1615; x_wconf 91' lang='lat' dir='ltr'>Eum</span> <span class='ocrx_word' id='word_1_119' title='bbox 323 1564 469 1614; x_wconf 88' lang='lat' dir='ltr'>etiam</span> <span class='ocrx_word' id='word_1_120' title='bbox 504 1564 582 1613; x_wconf 92' lang='lat' dir='ltr'>his</span> <span class='ocrx_word' id='word_1_121' title='bbox 621 1579 717 1612; x_wconf 92' lang='lat' dir='ltr'>non</span> <span class='ocrx_word' id='word_1_122' title='bbox 756 1568 1048 1625; x_wconf 86' lang='lat' dir='ltr'>contentum,</span> <span class='ocrx_word' id='word_1_123' title='bbox 1087 1561 1333 1627; x_wconf 90' lang='lat' dir='ltr'>Principis</span> <span class='ocrx_word' id='word_1_124' title='bbox 1372 1561 1659 1624; x_wconf 89' lang='lat' dir='ltr'>dignitatem</span> 
     </span>
     <span class='ocr_line' id='line_1_18' title="bbox 166 1645 1659 1711; baseline -0.004 -12"><span class='ocrx_word' id='word_1_125' title='bbox 166 1665 261 1699; x_wconf 91' lang='lat' dir='ltr'>non</span> <span class='ocrx_word' id='word_1_126' title='bbox 288 1650 447 1699; x_wconf 89' lang='lat' dir='ltr'>solum</span> <span class='ocrx_word' id='word_1_127' title='bbox 472 1648 523 1697; x_wconf 93' lang='lat' dir='ltr'>in</span> <span class='ocrx_word' id='word_1_128' title='bbox 549 1648 767 1698; x_wconf 83' lang='lat' dir='ltr'>externis</span> <span class='ocrx_word' id='word_1_129' title='bbox 793 1648 978 1711; x_wconf 85' lang='lat' dir='ltr'>regnis,</span> <span class='ocrx_word' id='word_1_130' title='bbox 1019 1663 1182 1697; x_wconf 92' lang='lat' dir='ltr'>coram</span> <span class='ocrx_word' id='word_1_131' title='bbox 1218 1646 1385 1696; x_wconf 88' lang='lat' dir='ltr'>multis</span> <span class='ocrx_word' id='word_1_132' title='bbox 1423 1645 1659 1709; x_wconf 90' lang='lat' dir='ltr'>Principi-</span> 
     </span>
     <span class='ocr_line' id='line_1_19' title="bbox 165 1731 1658 1798; baseline -0.003 -15"><span class='ocrx_word' id='word_1_133' title='bbox 165 1735 257 1784; x_wconf 91' lang='lat' dir='ltr'>bus</span> <span class='ocrx_word' id='word_1_134' title='bbox 307 1733 518 1798; x_wconf 87' lang='lat' dir='ltr'>aliisque</span> <span class='ocrx_word' id='word_1_135' title='bbox 555 1733 835 1798; x_wconf 86' lang='lat' dir='ltr'>praecipuis</span> <span class='ocrx_word' id='word_1_136' title='bbox 874 1733 995 1782; x_wconf 89' lang='lat' dir='ltr'>viris</span> <span class='ocrx_word' id='word_1_137' title='bbox 1033 1733 1149 1782; x_wconf 91' lang='lat' dir='ltr'>viva</span> <span class='ocrx_word' id='word_1_138' title='bbox 1192 1747 1314 1781; x_wconf 89' lang='lat' dir='ltr'>voce</span> <span class='ocrx_word' id='word_1_139' title='bbox 1359 1731 1658 1789; x_wconf 87' lang='lat' dir='ltr'>diffamasse,</span> 
     </span>
     <span class='ocr_line' id='line_1_20' title="bbox 166 1814 1659 1883; baseline -0.004 -15"><span class='ocrx_word' id='word_1_140' title='bbox 166 1819 255 1868; x_wconf 89' lang='lat' dir='ltr'>sed</span> <span class='ocrx_word' id='word_1_141' title='bbox 279 1819 440 1881; x_wconf 86' lang='lat' dir='ltr'>etiam,</span> <span class='ocrx_word' id='word_1_142' title='bbox 466 1818 549 1868; x_wconf 92' lang='lat' dir='ltr'>ubi</span> <span class='ocrx_word' id='word_1_143' title='bbox 585 1818 634 1867; x_wconf 94' lang='lat' dir='ltr'>id</span> <span class='ocrx_word' id='word_1_144' title='bbox 663 1834 828 1868; x_wconf 89' lang='lat' dir='ltr'>coram</span> <span class='ocrx_word' id='word_1_145' title='bbox 866 1822 1125 1883; x_wconf 87' lang='lat' dir='ltr'>praestare</span> <span class='ocrx_word' id='word_1_146' title='bbox 1166 1816 1453 1881; x_wconf 87' lang='lat' dir='ltr'>nequiverit,</span> <span class='ocrx_word' id='word_1_147' title='bbox 1493 1814 1659 1863; x_wconf 92' lang='lat' dir='ltr'>varios</span> 
     </span>
     <span class='ocr_line' id='line_1_21' title="bbox 164 1899 1658 1968; baseline -0.004 -14"><span class='ocrx_word' id='word_1_148' title='bbox 164 1919 349 1968; x_wconf 85' lang='lat' dir='ltr'>eosque</span> <span class='ocrx_word' id='word_1_149' title='bbox 385 1903 620 1968; x_wconf 81' lang='lat' dir='ltr'>plurimos</span> <span class='ocrx_word' id='word_1_150' title='bbox 659 1903 877 1954; x_wconf 90' lang='lat' dir='ltr'>famosos</span> <span class='ocrx_word' id='word_1_151' title='bbox 914 1903 1112 1952; x_wconf 90' lang='lat' dir='ltr'>libellos</span> <span class='ocrx_word' id='word_1_152' title='bbox 1150 1901 1246 1951; x_wconf 92' lang='lat' dir='ltr'>huc</span> <span class='ocrx_word' id='word_1_153' title='bbox 1272 1901 1389 1950; x_wconf 89' lang='lat' dir='ltr'>illuc</span> <span class='ocrx_word' id='word_1_154' title='bbox 1415 1902 1466 1950; x_wconf 91' lang='lat' dir='ltr'>in</span> <span class='ocrx_word' id='word_1_155' title='bbox 1491 1899 1658 1949; x_wconf 85' lang='lat' dir='ltr'>varias</span> 
     </span>
     <span class='ocr_line' id='line_1_22' title="bbox 164 1985 1657 2052; baseline -0.002 -15"><span class='ocrx_word' id='word_1_156' title='bbox 164 1987 299 2037; x_wconf 86' lang='lat' dir='ltr'>orbis</span> <span class='ocrx_word' id='word_1_157' title='bbox 318 1991 488 2052; x_wconf 87' lang='lat' dir='ltr'>partes</span> <span class='ocrx_word' id='word_1_158' title='bbox 514 1986 892 2047; x_wconf 90' lang='lat' dir='ltr'>disseminando,</span> <span class='ocrx_word' id='word_1_159' title='bbox 908 1986 1036 2035; x_wconf 91' lang='lat' dir='ltr'>omni</span> <span class='ocrx_word' id='word_1_160' title='bbox 1063 1989 1240 2036; x_wconf 92' lang='lat' dir='ltr'>conatu</span> <span class='ocrx_word' id='word_1_161' title='bbox 1264 1986 1314 2034; x_wconf 91' lang='lat' dir='ltr'>in</span> <span class='ocrx_word' id='word_1_162' title='bbox 1339 1985 1389 2034; x_wconf 92' lang='lat' dir='ltr'>id</span> <span class='ocrx_word' id='word_1_163' title='bbox 1414 1985 1657 2035; x_wconf 90' lang='lat' dir='ltr'>incubuis-</span> 
     </span>
     <span class='ocr_line' id='line_1_23' title="bbox 166 2071 1657 2137; baseline -0.002 -15"><span class='ocrx_word' id='word_1_164' title='bbox 166 2087 233 2132; x_wconf 89' lang='lat' dir='ltr'>se,</span> <span class='ocrx_word' id='word_1_165' title='bbox 262 2087 357 2137; x_wconf 90' lang='lat' dir='ltr'>quo</span> <span class='ocrx_word' id='word_1_166' title='bbox 383 2071 674 2136; x_wconf 88' lang='lat' dir='ltr'>dignitatem</span> <span class='ocrx_word' id='word_1_167' title='bbox 700 2071 945 2136; x_wconf 91' lang='lat' dir='ltr'>Principis</span> <span class='ocrx_word' id='word_1_168' title='bbox 972 2071 1225 2132; x_wconf 87' lang='lat' dir='ltr'>infamare,</span> <span class='ocrx_word' id='word_1_169' title='bbox 1241 2071 1466 2135; x_wconf 90' lang='lat' dir='ltr'>omnique</span> <span class='ocrx_word' id='word_1_170' title='bbox 1493 2075 1657 2120; x_wconf 91' lang='lat' dir='ltr'>contu-</span> 
     </span>
     <span class='ocr_line' id='line_1_24' title="bbox 162 2154 1657 2222; baseline -0.001 -17"><span class='ocrx_word' id='word_1_171' title='bbox 162 2157 415 2207; x_wconf 86' lang='lat' dir='ltr'>meliarum</span> <span class='ocrx_word' id='word_1_172' title='bbox 441 2172 624 2221; x_wconf 86' lang='lat' dir='ltr'>genere</span> <span class='ocrx_word' id='word_1_173' title='bbox 650 2171 920 2222; x_wconf 87' lang='lat' dir='ltr'>aspergere</span> <span class='ocrx_word' id='word_1_174' title='bbox 944 2161 1128 2221; x_wconf 90' lang='lat' dir='ltr'>posset.</span> <span class='ocrx_word' id='word_1_175' title='bbox 1169 2154 1511 2217; x_wconf 79' lang='lat' dir='ltr'>Quamobrem,</span> <span class='ocrx_word' id='word_1_176' title='bbox 1550 2170 1657 2204; x_wconf 89' lang='lat' dir='ltr'>cum</span> 
     </span>
     <span class='ocr_line' id='line_1_25' title="bbox 163 2238 1657 2306; baseline -0.002 -16"><span class='ocrx_word' id='word_1_177' title='bbox 163 2241 431 2291; x_wconf 88' lang='lat' dir='ltr'>sentientes</span> <span class='ocrx_word' id='word_1_178' title='bbox 457 2245 506 2290; x_wconf 92' lang='lat' dir='ltr'>et</span> <span class='ocrx_word' id='word_1_179' title='bbox 532 2240 891 2290; x_wconf 86' lang='lat' dir='ltr'>consentientes</span> <span class='ocrx_word' id='word_1_180' title='bbox 923 2241 1033 2306; x_wconf 88' lang='lat' dir='ltr'>pari</span> <span class='ocrx_word' id='word_1_181' title='bbox 1058 2256 1220 2305; x_wconf 88' lang='lat' dir='ltr'>poena</span> <span class='ocrx_word' id='word_1_182' title='bbox 1255 2239 1530 2305; x_wconf 87' lang='lat' dir='ltr'>puniantur,</span> <span class='ocrx_word' id='word_1_183' title='bbox 1570 2238 1657 2288; x_wconf 91' lang='lat' dir='ltr'>Di-</span> 
     </span>
     <span class='ocr_line' id='line_1_26' title="bbox 163 2324 1656 2390; baseline -0.001 -15"><span class='ocrx_word' id='word_1_184' title='bbox 163 2326 481 2389; x_wconf 89' lang='lat' dir='ltr'>vinorumque</span> <span class='ocrx_word' id='word_1_185' title='bbox 507 2325 814 2375; x_wconf 89' lang='lat' dir='ltr'>oraculorum</span> <span class='ocrx_word' id='word_1_186' title='bbox 840 2325 1121 2390; x_wconf 89' lang='lat' dir='ltr'>praeceptis</span> <span class='ocrx_word' id='word_1_187' title='bbox 1149 2328 1342 2374; x_wconf 89' lang='lat' dir='ltr'>cautum</span> <span class='ocrx_word' id='word_1_188' title='bbox 1369 2324 1446 2385; x_wconf 91' lang='lat' dir='ltr'>sit,</span> <span class='ocrx_word' id='word_1_189' title='bbox 1472 2340 1533 2373; x_wconf 92' lang='lat' dir='ltr'>ne</span> <span class='ocrx_word' id='word_1_190' title='bbox 1548 2325 1656 2388; x_wconf 89' lang='lat' dir='ltr'>quis</span> 
     </span>
     <span class='ocr_line' id='line_1_27' title="bbox 161 2409 1655 2476; baseline -0.001 -17"><span class='ocrx_word' id='word_1_191' title='bbox 161 2409 479 2476; x_wconf 87' lang='lat' dir='ltr'>Principibus</span> <span class='ocrx_word' id='word_1_192' title='bbox 505 2410 673 2476; x_wconf 93' lang='lat' dir='ltr'>populi</span> <span class='ocrx_word' id='word_1_193' title='bbox 700 2410 775 2460; x_wconf 91' lang='lat' dir='ltr'>sui</span> <span class='ocrx_word' id='word_1_194' title='bbox 801 2411 1074 2471; x_wconf 90' lang='lat' dir='ltr'>maledicat,</span> <span class='ocrx_word' id='word_1_195' title='bbox 1099 2409 1313 2460; x_wconf 88' lang='lat' dir='ltr'>Ordines</span> <span class='ocrx_word' id='word_1_196' title='bbox 1341 2409 1501 2474; x_wconf 89' lang='lat' dir='ltr'>Regni</span> <span class='ocrx_word' id='word_1_197' title='bbox 1527 2409 1655 2458; x_wconf 92' lang='lat' dir='ltr'>idem</span> 
     </span>
     <span class='ocr_line' id='line_1_28' title="bbox 163 2495 1656 2561; baseline 0 -18"><span class='ocrx_word' id='word_1_198' title='bbox 163 2496 296 2544; x_wconf 89' lang='lat' dir='ltr'>etde</span> <span class='ocrx_word' id='word_1_199' title='bbox 323 2495 523 2546; x_wconf 88' lang='lat' dir='ltr'>Andrea</span> <span class='ocrx_word' id='word_1_200' title='bbox 549 2496 787 2546; x_wconf 89' lang='lat' dir='ltr'>Bathorio</span> <span class='ocrx_word' id='word_1_201' title='bbox 815 2501 1049 2549; x_wconf 82' lang='lat' dir='ltr'>statuere,</span> <span class='ocrx_word' id='word_1_202' title='bbox 1090 2495 1220 2561; x_wconf 88' lang='lat' dir='ltr'>quod</span> <span class='ocrx_word' id='word_1_203' title='bbox 1258 2500 1306 2545; x_wconf 88' lang='lat' dir='ltr'>et</span> <span class='ocrx_word' id='word_1_204' title='bbox 1343 2510 1495 2560; x_wconf 86' lang='lat' dir='ltr'>supra</span> <span class='ocrx_word' id='word_1_205' title='bbox 1533 2510 1656 2544; x_wconf 90' lang='lat' dir='ltr'>com-</span> 
     </span>
     <span class='ocr_line' id='line_1_29' title="bbox 163 2580 1654 2646; baseline 0.001 -19"><span class='ocrx_word' id='word_1_206' title='bbox 163 2580 442 2630; x_wconf 88' lang='lat' dir='ltr'>memoratis</span> <span class='ocrx_word' id='word_1_207' title='bbox 479 2581 575 2631; x_wconf 86' lang='lat' dir='ltr'>iam</span> <span class='ocrx_word' id='word_1_208' title='bbox 609 2581 989 2646; x_wconf 88' lang='lat' dir='ltr'>pronunciarint,</span> <span class='ocrx_word' id='word_1_209' title='bbox 1029 2580 1122 2630; x_wconf 91' lang='lat' dir='ltr'>hoc</span> <span class='ocrx_word' id='word_1_210' title='bbox 1160 2580 1340 2641; x_wconf 91' lang='lat' dir='ltr'>addito,</span> <span class='ocrx_word' id='word_1_211' title='bbox 1380 2580 1509 2644; x_wconf 91' lang='lat' dir='ltr'>quod</span> <span class='ocrx_word' id='word_1_212' title='bbox 1548 2595 1654 2628; x_wconf 93' lang='lat' dir='ltr'>cum</span> 
     </span>
     <span class='ocr_line' id='line_1_30' title="bbox 165 2661 1653 2730; baseline 0.001 -19"><span class='ocrx_word' id='word_1_213' title='bbox 165 2661 408 2729; x_wconf 91' lang='lat' dir='ltr'>Principis</span> <span class='ocrx_word' id='word_1_214' title='bbox 446 2680 707 2730; x_wconf 90' lang='lat' dir='ltr'>personam</span> <span class='ocrx_word' id='word_1_215' title='bbox 747 2670 796 2715; x_wconf 91' lang='lat' dir='ltr'>et</span> <span class='ocrx_word' id='word_1_216' title='bbox 834 2666 1122 2730; x_wconf 89' lang='lat' dir='ltr'>dignitatem</span> <span class='ocrx_word' id='word_1_217' title='bbox 1161 2666 1211 2714; x_wconf 94' lang='lat' dir='ltr'>in</span> <span class='ocrx_word' id='word_1_218' title='bbox 1238 2665 1457 2714; x_wconf 80' lang='lat' dir='ltr'>externis</span> <span class='ocrx_word' id='word_1_219' title='bbox 1484 2664 1653 2727; x_wconf 87' lang='lat' dir='ltr'>regnis</span> 
     </span>
     <span class='ocr_line' id='line_1_31' title="bbox 165 2748 1651 2815; baseline 0.001 -20"><span class='ocrx_word' id='word_1_220' title='bbox 165 2761 328 2797; x_wconf 88' lang='lat' dir='ltr'>coram</span> <span class='ocrx_word' id='word_1_221' title='bbox 355 2748 518 2798; x_wconf 88' lang='lat' dir='ltr'>multis</span> <span class='ocrx_word' id='word_1_222' title='bbox 545 2749 855 2815; x_wconf 90' lang='lat' dir='ltr'>Principibus</span> <span class='ocrx_word' id='word_1_223' title='bbox 881 2751 1143 2812; x_wconf 86' lang='lat' dir='ltr'>infamarit,</span> <span class='ocrx_word' id='word_1_224' title='bbox 1166 2755 1214 2799; x_wconf 92' lang='lat' dir='ltr'>et</span> <span class='ocrx_word' id='word_1_225' title='bbox 1238 2749 1422 2799; x_wconf 89' lang='lat' dir='ltr'>talibus</span> <span class='ocrx_word' id='word_1_226' title='bbox 1448 2749 1651 2812; x_wconf 87' lang='lat' dir='ltr'>ignomi-</span> 
     </span>
     <span class='ocr_line' id='line_1_32' title="bbox 163 2830 1652 2897; baseline 0.002 -17"><span class='ocrx_word' id='word_1_227' title='bbox 163 2830 272 2890; x_wconf 89' lang='lat' dir='ltr'>niis,</span> <span class='ocrx_word' id='word_1_228' title='bbox 312 2836 542 2896; x_wconf 90' lang='lat' dir='ltr'>quantum</span> <span class='ocrx_word' id='word_1_229' title='bbox 579 2834 630 2882; x_wconf 90' lang='lat' dir='ltr'>in</span> <span class='ocrx_word' id='word_1_230' title='bbox 668 2849 722 2883; x_wconf 90' lang='lat' dir='ltr'>se</span> <span class='ocrx_word' id='word_1_231' title='bbox 760 2835 861 2897; x_wconf 81' lang='lat' dir='ltr'>fuit,</span> <span class='ocrx_word' id='word_1_232' title='bbox 900 2835 1175 2886; x_wconf 89' lang='lat' dir='ltr'>involuerit.</span> <span class='ocrx_word' id='word_1_233' title='bbox 1206 2833 1366 2884; x_wconf 87' lang='lat' dir='ltr'>Orare</span> <span class='ocrx_word' id='word_1_234' title='bbox 1403 2837 1565 2882; x_wconf 91' lang='lat' dir='ltr'>tamen</span> <span class='ocrx_word' id='word_1_235' title='bbox 1598 2849 1652 2883; x_wconf 90' lang='lat' dir='ltr'>se</span> 
     </span>
     <span class='ocr_line' id='line_1_33' title="bbox 162 2914 1647 2984; baseline 0.001 -20"><span class='ocrx_word' id='word_1_236' title='bbox 162 2914 490 2981; x_wconf 85' lang='lat' dir='ltr'>Principalem</span> <span class='ocrx_word' id='word_1_237' title='bbox 519 2914 895 2980; x_wconf 75' lang='lat' dir='ltr'>celsitudinem,</span> <span class='ocrx_word' id='word_1_238' title='bbox 933 2925 986 2969; x_wconf 88' lang='lat' dir='ltr'>ut</span> <span class='ocrx_word' id='word_1_239' title='bbox 1010 2936 1099 2984; x_wconf 91' lang='lat' dir='ltr'>pro</span> <span class='ocrx_word' id='word_1_240' title='bbox 1127 2934 1217 2968; x_wconf 88' lang='lat' dir='ltr'>sua</span> <span class='ocrx_word' id='word_1_241' title='bbox 1245 2917 1517 2967; x_wconf 84' lang='lat' dir='ltr'>Clementia</span> <span class='ocrx_word' id='word_1_242' title='bbox 1543 2917 1647 2981; x_wconf 90' lang='lat' dir='ltr'>dig-</span> 
     </span>
     <span class='ocr_line' id='line_1_34' title="bbox 159 3001 1642 3075; baseline -0.003 -20"><span class='ocrx_word' id='word_1_243' title='bbox 159 3006 302 3056; x_wconf 81' lang='lat' dir='ltr'>netur</span> <span class='ocrx_word' id='word_1_244' title='bbox 337 3001 398 3052; x_wconf 92' lang='lat' dir='ltr'>iis</span> <span class='ocrx_word' id='word_1_245' title='bbox 431 3003 623 3052; x_wconf 87' lang='lat' dir='ltr'>veniam</span> <span class='ocrx_word' id='word_1_246' title='bbox 650 3003 782 3065; x_wconf 89' lang='lat' dir='ltr'>dare,</span> <span class='ocrx_word' id='word_1_247' title='bbox 807 3006 1116 3075; x_wconf 84' lang='lat' dir='ltr'>gratiamque</span> <span class='ocrx_word' id='word_1_248' title='bbox 1155 3004 1336 3055; x_wconf 89' lang='lat' dir='ltr'>erroris</span> <span class='ocrx_word' id='word_1_249' title='bbox 1352 3004 1530 3065; x_wconf 86' lang='lat' dir='ltr'>facere,</span> <span class='ocrx_word' id='word_1_250' title='bbox 1546 3003 1642 3073; x_wconf 87' lang='lat' dir='ltr'>qui,</span> 
     </span>
    </p>
   </div>
  </div>
 </body>
</html>
