2112 3288
608 222 674 254 DE
698 221 807 271 ΒΕΒ.
835 221 948 255 vus.
974 222 1085 255 nnc.
1112 223 1159 255 x.
1186 223 1232 255 L.
1261 223 1307 254 x.
1507 202 1515 205 ’
1612 207 1714 257 267

211 337 418 387 meliora
455 343 678 400 tempora
717 342 1048 386 reservarent.
1105 337 1278 401 Itaque
1313 336 1556 402 direptam
1582 338 1719 402 prius

212 434 376 471 arcem
390 420 671 482 incendunt,
694 437 754 470 ac
768 421 990 470 subiecto
1004 422 1210 485 pulvere
1225 421 1546 470 tormentario
1560 422 1656 471 huc
1670 422 1725 470 il-

211 504 293 554 luc
307 503 571 566 disiiciunt,
597 504 669 554 ita
682 509 736 554 ut
750 504 834 552 vix
847 505 1029 554 rudera
1042 503 1253 569 amplius
1268 509 1584 569 apparerent.
1608 505 1727 555 Mox

213 586 545 652 Agriensibus
574 587 767 638 domum
794 604 900 638 cum
929 588 1096 655 addito
1107 587 1425 652 Vngarorum
1455 585 1729 638 Germano-

211 686 416 737 rumque
442 672 693 738 praesidio
721 673 794 722 ire
819 673 988 734 iussis,
1018 677 1210 722 ceteras
1239 672 1412 737 copias
1434 671 1731 721 Maximilia-

219 771 311 806 nus
323 755 533 807 Vacium
560 756 771 817 reduxit,
790 762 839 806 et
866 772 972 806 cum
989 755 1147 806 altero
1165 751 1439 821 (exercitu),
1455 755 1539 819 qui
1562 755 1633 804 ibi
1657 771 1732 805 re-

219 839 431 900 sidebat,
461 840 727 890 coniunxit.
768 839 1047 904 Agrienses
1075 839 1266 890 domum
1305 855 1450 903 quam
1477 838 1732 888 celerrime

215 925 420 986 reversi,
458 925 694 988 coniuges
733 940 793 974 ac
832 925 1020 975 liberos
1048 940 1158 974 cum
1183 923 1481 989 pretiosiore
1510 924 1729 973 fortuna-

213 1023 319 1058 rum
358 1012 502 1072 parte
539 1009 589 1057 in
626 1009 811 1058 tutiora
851 1009 1103 1073 ablegant,
1142 1007 1241 1073 ipsi
1280 1021 1335 1058 se
1365 1007 1432 1056 ad
1457 1012 1726 1057 extremum

215 1088 350 1142 vitae
387 1092 658 1157 mortisque
704 1091 967 1141 discrimen
1005 1091 1310 1142 subeundum
1357 1106 1546 1141 summa
1580 1091 1728 1141 animi

216 1175 551 1227 obstinatione
579 1181 881 1242 comparant.
907 1177 1095 1226 Missus
1122 1191 1181 1226 eo
1207 1175 1299 1226 fuit
1338 1174 1584 1225 Tarszius
1612 1189 1722 1225 cum

213 1260 359 1311 Italis
387 1275 447 1310 ac
474 1258 742 1310 Germanis
770 1265 819 1310 et
851 1260 985 1310 mille
1013 1259 1359 1324 sclopetariis3
1399 1259 1516 1308 item
1545 1257 1728 1309 Comes

213 1346 432 1396 Ioannes
448 1345 666 1397 Iacobus
694 1345 913 1396 aThurn
940 1361 1047 1395 eum
1074 1344 1233 1394 tribus
1258 1343 1475 1409 peditum
1492 1342 1725 1393 millibus.

608 1647 842 1699 OAPVT
895 1647 1338 1700 VNDECIMVM.

258 1756 336 1805 De
362 1758 518 1823 Ayria
545 1774 577 1804 a
607 1756 778 1804 'l’urcis
805 1756 1005 1817 obsessa,
1035 1764 1179 1820 atque
1204 1758 1350 1804 etiam
1377 1763 1670 1820 expuqnata:

360 1863 641 1930 Antequam
684 1863 877 1916 Caesar
942 1865 1221 1914 Turcarum
1272 1861 1629 1928 eXpeditionem
1681 1865 1732 1913 in

217 1949 496 2013 Vngariam
545 1949 867 2012 suscepisset,
911 1948 1164 1997 concilium
1204 1948 1418 1998 militare
1446 1946 1728 1998 Constanti-

214 2033 386 2100 nopoli
460 2033 734 2094 indixerat,
810 2038 858 2082 et
910 2047 1166 2096 quemnam
1232 2032 1328 2081 sibi
1403 2033 1726 2096 profectionis

218 2132 421 2183 scopum
458 2122 760 2183 proponeret
789 2154 798 2177 ,
839 2132 947 2166 cum
980 2115 1261 2180 praecipuis
1302 2116 1578 2181 quibusque
1612 2131 1726 2182 pur-

213 2201 404 2267 puratis
456 2201 838 2261 deliberaverat.
903 2199 1063 2261 Quum
1102 2201 1254 2249 multa
1316 2200 1444 2250 ultro
1497 2199 1720 2265 citroque

210 2287 261 2335 in
288 2285 500 2336 medium
526 2284 724 2349 prolata
750 2286 976 2345 fuissent,
1003 2285 1200 2334 tandem
1227 2285 1348 2334 vicit
1371 2285 1498 2334 haec
1522 2284 1572 2334 in
1595 2283 1722 2335 Con*

212 2369 328 2420 cilio
370 2369 631 2431 sententia,
669 2375 723 2419 ut
759 2374 897 2423 recta
932 2368 1090 2433 Agria
1127 2371 1398 2432 peteretur,
1433 2385 1532 2434 qua
1568 2369 1620 2418 in
1643 2384 1728 2434 po-

210 2458 441 2504 testatem
467 2453 685 2510 redacta,
713 2454 901 2503 nullum
927 2455 1035 2504 fore
1060 2453 1276 2519 'amplius
1313 2454 1724 2518 impedimentum,

212 2539 472 2603 quominus
498 2543 604 2589 tota
630 2540 857 2602 Vngaria
897 2543 1236 2605 occuparetur,
1278 2543 1326 2587 et
1358 2538 1727 2604 Transylvanis

211 2623 276 2671 ab
316 2637 409 2686 ope
439 2620 706 2672 Germanis
746 2624 956 2673 ferenda
1008 2623 1289 2685 distractis,
1342 2623 1478 2672 nullo
1527 2622 1728 2686 negotio

213 2704 453 2756 Germani
478 2706 870 2757 retunderentur.
923 2709 1060 2757 Inter
1104 2708 1204 2757 alia
1235 2722 1343 2755 cum
1368 2706 1727 2770 inexpugnabi-

214 2791 308 2840 lem
339 2804 452 2839 esse
480 2788 690 2853 Agriam
730 2796 779 2840 et
817 2792 1080 2841 durissimo
1121 2807 1245 2841 saxo
1272 2790 1634 2839 inaedificatam
1662 2790 1730 2838 di-

218 2878 427 2935 ceretur,
458 2871 649 2923 Caesar
677 2876 954 2939 quaesiisse
1000 2893 1062 2925 ex
1088 2875 1184 2924 loci
1213 2875 1318 2923 eius
1345 2873 1519 2938 peritis
1546 2874 1728 2923 fertur:

222 2959 353 3009 Num
378 2964 478 3007 tam
507 2959 678 3009 durum
706 2960 771 3009 sit
797 2976 972 3010 saxum
997 2961 1134 3021 illud,
1169 2976 1230 3008 ex
1258 2974 1352 3023 quo
1392 2958 1605 3022 singulis
1633 2959 1732 3016 die—

218 3045 312 3093 bus
348 3048 487 3093 tanta
524 3043 770 3108 particula
809 3044 969 3095 decidi
1006 3048 1236 3110 nequeat,
1288 3046 1473 3108 quanta
1512 3058 1730 3111 pugnum
