2112 3288
445 210 680 258 LXXVIII
1086 222 1342 255 nummu.

1862 327 1943 371 Lap

447 392 551 449 Cap.
574 392 669 435 VII.
691 393 760 435 De
783 390 937 434 Siculis
959 391 1162 448 pristinae
1177 389 1361 433 libertati
1384 392 1585 433 restitutis
1627 424 1637 434 .
1687 422 1696 433 .
1747 422 1757 433 .
1807 422 1817 434 .
1856 386 1941 430 2οΊ

448 462 552 519 Cap.
575 462 692 506 VIII.
714 463 783 505 De
804 461 1119 504 conditionibus
1141 461 1347 504 libertatis
1369 477 1394 504 a
1408 460 1682 517 Sigismundo
1704 460 1822 502 Prin-

591 535 686 591 cipe
708 533 862 576 Siculis
898 532 1090 576 redditae
1155 563 1817 578 ............
1856 529 1945 573 208

448 605 554 663 Cap.
577 605 656 649 IX.
678 605 747 647 De
760 606 957 662 ingressu
974 604 1187 662 Principis
1207 605 1251 647 in
1269 604 1607 661 Transalpinam,
1630 610 1670 646 et
1692 618 1825 659 augu-

590 676 653 718 rio
675 675 844 733 aquilae
915 706 1818 721 ................
1857 673 1946 716 212

451 746 555 804 Cap.
576 746 636 792 X.
671 747 739 789 De
773 748 865 790 acie
888 746 1229 790 Christianorum
1252 753 1400 789 contra
1431 747 1595 788 Turcas
1617 745 1824 799 ordinata,

594 821 805 876 motisque
827 820 976 862 castris
1037 850 1817 863 ..............
1859 816 1944 858 213

451 890 556 948 Cap.
578 891 657 934 XI.
678 891 745 934 De
767 892 1032 948 Tergovisto,
1067 890 1390 947 Bokorestoque
1411 906 1436 932 a
1457 890 1618 932 Sinano
1653 889 1824 946 egi-egle

590 963 763 1004 munitis
794 992 1811 1007 ..................
1855 961 1944 1003 215

450 1032 557 1090 Cap.
579 1033 681 1077 XII.
715 1033 783 1075 De
819 1034 955 1090 prima
987 1034 1197 1090 Principis
1233 1038 1382 1075 contra
1404 1032 1610 1075 Sinanum
1632 1032 1826 1086 victoria,

591 1110 848 1161 receptoque
871 1105 1123 1160 Tergovisto
1156 1135 1819 1149 ............
1859 1102 1945 1145 216

450 1175 556 1233 Cap.
578 1176 702 1222 XIII.
737 1176 805 1218 De
837 1176 1075 1219 Bokoresto
1097 1191 1123 1218 a
1144 1176 1295 1218 Turcis
1331 1175 1511 1229 deserto,
1533 1190 1559 1216 a
1581 1175 1822 1231 nostrisque

592 1253 842 1304 recuperato
913 1278 1818 1291 ................
1858 1245 1946 1288 222

452 1319 558 1375 Cap.
580 1317 703 1360 XIV.
738 1317 806 1359 De
840 1323 965 1373 capta
986 1331 1084 1359 arce
1118 1317 1260 1372 Ieneo,
1294 1317 1396 1359 item
1422 1314 1609 1358 castellis
1635 1314 1827 1371 Vilagos-

593 1391 682 1444 var,
703 1387 833 1443 Arad,
854 1387 1062 1443 Pankota‚
1085 1387 1180 1443 Siri,
1203 1387 1448 1431 Soliomkeo
1483 1392 1561 1430 etc.
1632 1422 1642 1433 .
1691 1421 1702 1432 .
1751 1421 1762 1431 .
1811 1421 1821 1432 .
1859 1386 1947 1430 224

451 1461 557 1518 Gap.
580 1461 679 1504 XV.
702 1460 770 1502 De
792 1460 896 1503 fusis
930 1458 1173 1517 fugatisque
1195 1465 1312 1502 trans
1335 1458 1491 1502 Istrum
1513 1460 1646 1516 copiis
1668 1459 1829 1513 Sinani,

594 1537 805 1590 captaque
826 1547 925 1575 arce
948 1531 1187 1588 Gryrgiovia
1215 1564 1643 1576 ........
1685 1565 1704 1584 Ν.
1750 1564 1761 1575 .
1810 1564 1820 1575 .
1860 1530 1949 1575 229

998 1651 1144 1684 LIBER
1167 1650 1389 1685 DEOIMVS.

457 1734 561 1792 Oap.
583 1734 618 1776 Ι.
653 1735 721 1777 De
756 1735 937 1777 comitiis
972 1733 1112 1777 Albae
1145 1734 1278 1778 Iuliae
1311 1734 1547 1789 celebratis,
1570 1739 1613 1776 et
1632 1733 1831 1791 adempta

597 1805 753 1849 Siculis
775 1805 971 1849 libertate
1038 1839 1819 1852 ..............
1860 1805 1948 1848 235

455 1877 639 1935 Gap.11.
662 1878 730 1920 De
752 1879 971 1935 copiarum
993 1879 1038 1921 in
1064 1878 1324 1922 Moldaviam
1344 1880 1571 1922 missarum
1593 1877 1726 1934 clade,
1752 1877 1827 1920 mi-

598 1950 854 2007 seiabilique
876 1949 1082 2008 Stephani
1103 1950 1327 2007 Vajvodae
1353 1950 1562 2008 supplicio
1631 1985 1640 1994 .
1691 1983 1701 1994 .
1750 1983 1761 1994 .
1810 1948 1948 1993 ,238

455 2021 663 2079 Gap.111.
686 2022 754 2064 De
775 2022 908 2065 literis
931 2021 1165 2065 Clementis
1193 2022 1306 2066 VIII.
1330 2022 1549 2065 Pontificis
1570 2022 1752 2064 Romani
1774 2020 1829 2063 ad

593 2094 757 2149 Regem
779 2092 982 2136 Poloniae
1037 2125 1821 2139 ..............
1861 2091 1948 2134 240

456 2163 560 2221 Cap.
597 2164 671 2208 IV.
694 2164 762 2206 De
788 2164 905 2207 abitu
927 2164 1138 2221 Principis
1159 2164 1214 2206 ad
1229 2164 1501 2222 Rudolphum
1524 2164 1767 2222 Caesarem,
1789 2170 1831 2206 et

598 2237 733 2278 caesis
757 2236 811 2279 ob
843 2236 1166 2279 rebellationem
1200 2236 1494 2294 supplicioque
1527 2237 1689 2279 affectis
1716 2250 1828 2279 com-

596 2306 790 2363 pluribus
813 2306 967 2350 Siculis
1038 2340 1820 2353 ..............
1862 2305 1948 2348 246

457 2377 563 2435 Cap.
587 2378 637 2420 V.
670 2378 739 2420 De
773 2378 894 2421 clade
928 2381 1147 2436 copiarum
1168 2379 1536 2422 Tomosvariensis
1557 2354 1728 2433 Bassae‚
1763 2392 1829 2420 eo-

598 2448 780 2504 demque
801 2448 946 2505 elapso
979 2481 1819 2495 ...............
1861 2448 1949 2492 250

458 2519 563 2576 Cap.
585 2520 660 2562 VI.
692 2520 761 2562 De
782 2520 922 2577 Lippa
942 2537 968 2563 a
989 2522 1141 2564 Turcis
1172 2523 1291 2565 irrito
1313 2527 1467 2564 conatu
1488 2526 1744 2578 oppugnata,
1764 2519 1828 2562 fu-

530 2643 532 2648 *
597 2592 793 2648 gatisque
813 2591 912 2633 inde
933 2607 1010 2649 per
1027 2593 1348 2650 Transylvanos
1369 2591 1572 2635 Barbaris
1634 2625 1644 2636 .
1693 2626 1702 2636 .
1751 2625 1760 2635 .
1810 2625 1820 2635 .
1861 2590 1947 2633 252

458 2663 563 2720 Cap.
586 2663 683 2707 VH.
705 2663 774 2705 De
793 2661 927 2720 pulsis
963 2664 1018 2706 ab
1053 2664 1275 2707 obsidione
1304 2664 1505 2721 Lippensi
1527 2664 1678 2706 Turcis
1700 2668 1828 2720 atque

599 2735 790 2777 Tartaris
803 2749 879 2792 per
892 2735 1224 2792 Transylvanos,
1246 2736 1596 2793 Tomosvaroque
1609 2735 1664 2779 ab
1677 2735 1827 2778 iisdem

508 2822 510 2825 ·
600 2806 774 2849 obsesso
802 2840 1821 2853 ..................
1861 2805 1948 2848 254

459 2879 566 2935 Cap.
589 2878 705 2922 VIII.
729 2878 797 2921 De
818 2879 1082 2922 Tomosvaro
1109 2879 1267 2922 frustra
1289 2894 1315 2922 a
1335 2879 1644 2937 Transylvanis
1669 2893 1827 2936 oppug-

602 2957 712 3007 nato‚
736 2951 1049 3008 eorundemque
1069 2954 1113 2995 in
1136 2953 1490 3011 Transylvaniam
1514 2952 1651 2995 reditu
1693 2984 1701 2995 .
1752 2983 1760 2992 .
1811 2984 1820 2994 .
1862 2949 1947 2993 257
