2112 3288
609 167 673 200 DE
699 166 805 200 REB.
835 166 945 200 vno.
974 166 1083 199 nnc.
1112 166 1158 199 x,
1187 167 1230 199 L.
1259 165 1307 199 11.
1508 185 1515 189 «
1636 153 1704 203 31

215 285 390 337 iisdem
414 286 519 335 fere
557 283 730 334 diebus
769 280 1195 348 Constantinopoli
1220 297 1475 343 reversus,
1514 299 1568 332 re
1592 281 1704 348 ipsa

216 368 563 436 comprobavit.
601 367 698 416 Hic
723 367 850 416 enim
877 382 982 416 cum
1020 365 1172 415 multa
1206 366 1419 415 adversa
1444 367 1493 414 in
1530 367 1703 416 itinere

213 467 393 520 passus
418 456 567 512 esset,
593 456 693 502 tam
720 468 749 501 a
774 451 1046 502 viatoribus
1074 450 1268 512 Turcis,
1297 450 1378 515 qui
1400 450 1509 499 vias
1535 465 1704 500 omnes

213 538 420 588 infestas
445 536 773 598 reddiderant,
801 552 947 601 quam
972 553 1002 585 a
1028 535 1313 586 custodibus
1336 539 1509 599 ,portus
1536 535 1701 584 Danu-

214 621 307 685 bii,
345 635 440 686 quo
466 619 776 670 interdictum
802 618 1102 670 Christianis
1129 619 1351 670 omnibus
1377 618 1492 681 fuit,
1529 634 1590 668 ne
1614 633 1704 682 per

217 719 304 759 eos
328 704 462 755 fama
487 704 607 754 belli
644 703 709 754 ad
733 704 920 768 vicinas
958 710 1133 769 gentes
1160 704 1457 765 dimanaret,
1484 703 1568 751 vix
1592 708 1706 767 post

212 788 379 840 varios
403 789 592 839 viarum
618 789 895 851 anfractus,
923 788 1092 839 salvus
1120 804 1228 839 cum
1252 787 1412 838 literis
1438 787 1598 853 potuit
1622 787 1704 837 do-

211 889 340 926 mum
363 875 628 941 appellere.
666 874 952 925 Ravazdius
979 880 1166 931 autem,
1203 890 1265 924 ex
1292 889 1386 939 quo
1425 871 1704 923 Constanti-

192 950 378 1025 'nopoli
415 958 717 1026 gratulatum
763 957 947 1009 Sinano
974 956 1041 1008 'de
1079 962 1374 1024 recuperata
1410 972 1581 1008 rursus
1618 956 1706 1006 illa

207 1042 354 1108 primi
390 1042 487 1092 loci
513 1027 750 1108 dignitate
775 1044 956 1093 missus
985 1048 1118 1105 erat,
1160 1043 1434 1107 complures
1460 1042 1559 1091 iam
1596 1041 1702 1090 dies

207 1126 280 1177 ibi
303 1126 550 1190 haeserat,
577 1126 750 1178 Sinani
776 1143 896 1178 sane
922 1129 1195 1193 pertinacia
1222 1133 1270 1177 et
1295 1126 1592 1188 morositate,
1620 1125 1704 1190 qui

207 1210 305 1261 iam
329 1211 519 1277 pridem
543 1212 761 1278 Principi
784 1209 1031 1275 infensus„
1059 1212 1181 1262 nihil
1207 1212 1468 1262 etiamnum
1493 1211 1553 1261 de
1577 1211 1703 1276 pris-

211 1295 315 1346 tina
353 1312 476 1362 erga
514 1313 622 1347 eum
647 1298 794 1347 animi
832 1297 1028 1347 feritate
1053 1297 1326 1347 remitebat.
1360 1296 1570 1357 Etenim,
1598 1310 1705 1344 cum
1774 1348 1779 1350 „

209 1378 392 1431 Sinano
406 1380 690 1442 Ravazdius
705 1381 936 1432 mandata
949 1381 1171 1442 referret,
1187 1396 1331 1445 quam
1358 1385 1552 1445 gratum
1566 1379 1704 1428 Prin-

210 1464 309 1530 cipi
322 1480 410 1516 suo
436 1466 628 1527 fuisset,
658 1482 764 1516 cum
788 1482 894 1516 eum
909 1472 1181 1531 promotum
1210 1466 1273 1515 ad
1298 1470 1483 1515 tantum
1503 1464 1703 1514 honoris

209 1549 464 1614 fastigium
477 1549 827 1600 intellexisset:
857 1551 941 1600 ille
963 1566 1020 1600 6ο
1035 1550 1363 1614 interpellatO,
1377 1549 1543 1614 palam
1557 1565 1705 1612 nega-

208 1633 291 1696 vit,
317 1622 663 1700 gratulandum
692 1633 753 1683 de
780 1649 836 1684 6ο
864 1633 1232 1699 Transylvanis
1262 1649 1388 1683 esse.
1419 1633 1547 1683 Nam
1574 1633 1617 1681 si
1635 1634 1704 1682 vi-

205 1723 357 1781 veret,
383 1734 531 1769 curae
551 1719 648 1769 sibi
673 1719 865 1768 omnino
879 1720 999 1778 fore,
1015 1724 1067 1768 ut
1094 1736 1154 1769 ea
1168 1720 1396 1784 voluptas
1424 1719 1474 1767 in
1499 1719 1701 1768 exitium

209 1803 631 1869 Transylvaniae,
667 1805 797 1870 quod
823 1806 999 1855 dudum
1028 1806 1074 1855 ei
1100 1806 1445 1867 meditaretur,
1471 1810 1700 1855 verteret.

349 1887 471 1940 Cum
497 1894 673 1955 postea
688 1895 962 1954 quaereret,
991 1890 1166 1954 ecquid
1190 1891 1306 1939 novi
1333 1895 1480 1951 esset,
1508 1890 1698 1940 6111·Ρο-

178 1974 180 1976 *
202 1972 304 2022 loni
329 1974 460 2038 quod
497 1974 630 2038 pacti
655 1989 811 2041 nuper
838 1990 944 2024 cum
972 1989 1029 2023 eo
1057 1979 1250 2035 essent,
1291 1990 1386 2023 non
1411 1989 1700 2039 repraesen-

200 2063 388 2121 tarent,
415 2074 500 2108 cur
525 2059 640 2108 item
671 2058 908 2109 Germani
934 2060 1167 2109 tributum
1192 2075 1287 2108 non
1314 2060 1574 2122 mitterent,
1602 2075 1699 2125 qua

202 2143 252 2191 in
276 2158 330 2192 re
356 2158 495 2209 spem
521 2144 836 2194 collocarent.
866 2144 992 2194 Nam
1024 2145 1066 2192 si
1092 2146 1271 2194 fiducia
1296 2145 1471 2195 virium
1495 2144 1545 2193 id
1565 2145 1696 2193 face-

204 2233 329 2289 rent,
355 2227 548 2278 ridiculi
572 2243 777 2292 prorsus
796 2235 974 2290 essent,
1004 2231 1087 2294 qui
1112 2231 1209 2279 iam
1236 2230 1423 2296 pridem
1449 2236 1521 2280 tot
1546 2228 1695 2278 cladi-

204 2312 295 2362 bus
310 2311 487 2375 affecti,
514 2312 725 2363 nondum
736 2313 1123 2363 imbecillitatem
1140 2329 1337 2364 suarum
1352 2315 1528 2364 virium
1545 2329 1694 2377 agno-

203 2411 368 2459 scere,
395 2396 698 2462 imperioque
726 2395 961 2447 Caesaris
990 2399 1233 2448 subiicere
1261 2399 1572 2460 didicissent,
1601 2398 1692 2448 sed

202 2480 343 2529 brevi
356 2495 442 2530 eos
457 2486 675 2532 extremo
692 2497 857 2532 eorum
871 2483 1089 2548 periculo
1101 2484 1400 2547 cognituros,
1411 2499 1556 2549 quam
1565 2483 1692 2532 male

204 2564 276 2614 eis
290 2566 421 2615 mala
435 2580 600 2616 eorum
615 2569 838 2618 consulta
855 2569 1108 2618 cesserint.
1138 2568 1362 2633 Agerent
1388 2585 1505 2619 vero
1520 2569 1593 2617 illi
1618 2569 1686 2616 in-

206 2649 322 2712 quit,
349 2649 540 2702 coirent
564 2652 771 2705 interse
798 2669 964 2703 omnes
991 2653 1289 2716 Christiani,
1317 2655 1546 2719 viresque
1574 2667 1690 2701 suas

202 2733 492 2785 conferrent.
506 2734 809 2800 Acheronta,
824 2745 1089 2802 moverent,
1106 2740 1221 2804 quin
1237 2758 1247 2787 :
1268 2754 1358 2789 vos
1375 2739 1521 2788 etiam
1536 2738 1690 2787 Tran-

201 2817 436 2884 sylvanos
464 2819 813 2883 adsciscerent,
840 2823 962 2872 nihil
990 2840 1048 2873 ea
1075 2825 1258 2875 morari
1284 2822 1566 2882 Caesarem,
1582 2836 1689 2871 cum

200 2902 280 2951 vel
305 2903 437 2952 mille
465 2905 765 2967 cornicibus,
805 2913 857 2956 ut
890 2908 938 2957 in
963 2910 1227 2973 proverbio
1255 2907 1443 2956 dicatur
1468 2921 1592 2955 unus
1614 2906 1687 2954 la-

197 2987 276 3052 pis
304 2989 526 3039 sufficiat.
569 2991 672 3039 Iam
698 3006 816 3040 vero
842 2991 1040 3043 rediens
1066 2994 1277 3043 famulus
1317 2991 1556 3040 Ravazdii
1583 3006 1688 3040 cum
