2112 3288
507 191 608 241 220
1029 208 1093 240 10.
1121 209 1253 241 Dncn
1278 210 1471 242 BAnovn

492 323 710 387 privatus
737 323 907 383 fuerat,
940 324 1096 373 locum
1122 339 1290 374 rursus
1328 325 1431 374 iure
1457 326 1740 389 postliminii
1775 341 1975 391 repone-

491 411 635 456 retur.
699 405 783 454 Ali
820 406 969 468 igitur
1013 407 1178 456 Bassa
1216 408 1499 470 Tergovisti
1536 409 1784 472 praesidio
1834 424 1972 474 prae-

486 491 656 550 fectus,
683 490 862 554 partim
887 495 939 539 ut
964 490 1112 538 saluti
1139 506 1258 540 suae
1273 507 1535 541 suorumve
1551 493 1838 553 consuleret,
1863 508 1973 557 par-

485 574 570 622 tim
595 590 711 623 vero
736 579 789 623 ut
825 573 1188 623 reconcilianda
1213 573 1451 624 Caesaris
1492 575 1655 638 gratia
1683 575 1881 639 dignum
1918 590 1973 626 se

486 661 776 721 praestaret,
815 657 937 705 nihil
963 673 1127 707 eorum
1154 659 1422 719 omittebat,
1476 674 1599 721 quae
1643 659 1706 707 ad
1746 659 1972 709 tuendam

483 740 606 790 tanti
630 740 857 790 momenti
883 757 1045 790 arcem
1059 742 1306 805 pertinere
1330 742 1634 791 videbantur.
1661 742 1720 791 Id
1739 758 1845 792 cum
1858 757 1967 792 nos-

483 824 547 872 tri
571 823 822 885 vidissent,
872 840 963 873 nec
990 830 1339 874 tormentorum
1371 825 1549 874 ictibus
1587 829 1755 875 tantae
1796 821 1970 875 crassi·

483 907 578 961 tici
603 923 815 971 aggeres
841 908 1087 972 perrumpi
1114 922 1262 972 posse
1294 908 1579 968 iudicarent,
1619 908 1856 958 Albertus
1881 909 1972 959 Ki-

483 991 590 1053 rali,
620 991 719 1041 iam
743 992 930 1056 pridem
954 991 1084 1040 bello
1118 992 1230 1040 Mos
1241 991 1483 1041 chovitico
1511 991 1724 1053 edoctus,
1749 993 1970 1042 incendio

481 1089 603 1139 opus
630 1089 741 1123 esse
769 1076 1024 1135 exclamat,
1056 1075 1191 1138 quod
1217 1075 1259 1123 si
1289 1075 1396 1138 quis
1424 1075 1693 1138 aggeribus
1721 1076 1887 1141 oppidi
1900 1076 1970 1125 in-

483 1158 622 1218 feret,
671 1158 941 1207 nobilitatis
980 1173 1036 1207 se
1060 1159 1170 1207 iura
1196 1158 1242 1207 ei
1268 1173 1376 1208 cum
1414 1163 1548 1206 certo
1584 1159 1861 1208 colonorum
1886 1175 1970 1209 nu-

484 1257 617 1291 mero
655 1258 686 1291 a
712 1241 940 1307 Principe
977 1242 1348 1307 impetraturum
1384 1242 1637 1307 promittit.
1693 1241 1971 1293 Assensere

484 1325 528 1374 ei
553 1326 826 1389 complures
854 1324 1139 1387 Siculorum,
1178 1330 1225 1375 et
1252 1326 1400 1390 paulo
1426 1330 1542 1390 post
1566 1326 1688 1376 solis
1726 1341 1965 1390 occasum,

482 1412 573 1461 sub
614 1411 950 1475 crepusculum
987 1412 1319 1477 vespertinum
1369 1416 1514 1475 atque
1550 1412 1760 1476 primam
1796 1413 1968 1473 facem,

481 1494 597 1544 luna
611 1495 885 1544 clarissima
901 1495 1061 1544 omnia
1074 1495 1365 1556 illustrante,
1394 1495 1692 1558 aethereque
1718 1496 1827 1560 ipso
1853 1511 1968 1546 nos-

480 1578 571 1627 tris
597 1577 846 1639 militante,
885 1593 1048 1629 muros
1087 1580 1311 1639 subeunt,
1355 1582 1403 1627 et
1430 1578 1665 1627 adhibitis
1689 1579 1837 1629 rebus
1870 1596 1965 1629 om-

481 1663 624 1711 nibus
663 1661 761 1710 iam
798 1666 944 1711 antea
979 1663 1028 1711 in
1067 1678 1155 1712 eos
1192 1677 1314 1712 usus
1341 1662 1530 1726 paratis
1568 1677 1784 1725 aggeres
1807 1663 1967 1712 incen-

482 1746 612 1794 dunt.
653 1742 946 1809 Corripuere
983 1745 1145 1808 ignem
1183 1745 1335 1794 facile
1376 1745 1606 1808 virgulta,
1659 1761 1782 1809 quae
1820 1762 1882 1796 ex
1907 1762 1967 1795 ea
2019 1731 2021 1733 ,

479 1833 621 1893 parte
657 1828 879 1889 nondum,
919 1829 1046 1877 bono
1084 1833 1272 1890 nostro,
1310 1830 1505 1878 fuerant
1544 1844 1695 1878 coeno
1735 1830 1963 1893 calceque

479 1913 761 1961 incrustata.
811 1912 889 1961 Ita
926 1918 1154 1976 serpente
1191 1913 1339 1962 latius
1388 1911 1625 1973 incendiO,
1677 1928 1783 1962 cum
1837 1926 1958 1977 prae

475 1995 689 2045 assiduis
737 2000 1012 2044 nostrorum
1053 1996 1494 2055 eiaculationibus,
1546 1996 1721 2058 quibus
1770 1996 1820 2044 in
1857 2011 1964 2044 eam

476 2083 665 2144 partem
701 2078 1070 2140 grassabantur,
1108 2078 1321 2127 Barbari
1365 2078 1686 2141 nequicquam
1730 2077 1851 2127 illud
1889 2092 1962 2126 re·

476 2163 726 2224 stinguere
764 2163 924 2211 conati
959 2162 1179 2222 fuissent,
1242 2161 1434 2225 magnis
1472 2161 1624 2210 ruinis
1675 2161 1963 2212 munitiones

479 2247 729 2310 disruptae
753 2247 959 2296 fuerunt.
1009 2247 1105 2296 Hic
1135 2263 1251 2297 vero
1292 2262 1388 2295 non
1412 2261 1612 2311 possum
1626 2247 1804 2304 tacitus
1816 2262 1961 2310 prae-

477 2329 626 2378 terire
664 2329 927 2391 singularis
967 2347 997 2379 a
1021 2330 1251 2395 Principe
1298 2329 1612 2393 gratitudinis
1651 2345 1771 2393 erga
1803 2330 1963 2378 Deum

478 2427 567 2477 pro
605 2427 841 2462 concessa
876 2413 1082 2462 victoria
1134 2415 1411 2478 exemplum
1472 2419 1676 2462 aeterna
1735 2412 1965 2461 memoria

479 2493 827 2562 dignissimum.
878 2495 1094 2546 Simulac
1122 2498 1247 2546 enim
1273 2497 1550 2547 nunciatum
1577 2502 1652 2546 est
1679 2498 1736 2558 ei,
1770 2501 1962 2561 captum

479 2595 590 2649 esse
629 2581 1005 2644 Tergovistum,
1057 2581 1247 2644 ingenti
1301 2582 1465 2630 statim
1503 2581 1682 2645 gaudio
1732 2581 1959 2643 perfusus

481 2679 606 2728 equo
646 2664 853 2726 dissiliit,
893 2664 1166 2727 ceterisque
1203 2664 1330 2713 idem
1367 2665 1532 2714 facere
1567 2665 1723 2725 iussit,
1761 2680 1820 2713 ac
1850 2663 1961 2712 fixis

478 2747 609 2798 humi
635 2736 842 2811 genibus
868 2746 1094 2796 ardentes
1122 2748 1229 2796 Deo
1267 2752 1344 2795 ter
1371 2747 1567 2812 Optimo
1607 2748 1821 2798 Maximo
1847 2763 1959 2810 gra-

478 2823 576 2880 tias
620 2831 734 2894 egit,
784 2834 917 2879 tanto
956 2835 1092 2880 certe
1134 2830 1242 2879 zelo
1269 2846 1327 2879 ac
1353 2831 1558 2893 fervore,
1596 2837 1648 2881 ut
1684 2846 1788 2880 cum
1812 2828 1960 2879 finitis

479 2914 706 2977 precibus
733 2914 1028 2964 surrexisset
1057 2930 1084 2963 e
1108 2919 1241 2963 terra
1281 2930 1547 2979 equumque
1586 2913 1960 2974 conscendisset,

479 3004 578 3047 tum
605 2998 792 3046 demum
830 2997 1181 3058 animadvertit,
1219 2995 1401 3060 pileum
1441 3013 1495 3046 se
1520 2998 1650 3047 humi
1687 2996 1960 3070 reliquisse,
