2112 3288
454 157 477 200 1
493 151 563 201 04
992 165 1060 199 10.
1086 164 1220 197 DEcn
1244 164 1340 197 ΒΑΗ
1357 164 1459 197 ov11

453 283 622 331 salvos
650 280 844 328 dimisit.
872 279 955 328 Illi
981 295 1041 327 ex
1067 284 1202 327 tanto
1228 278 1399 327 mortis
1426 278 1643 342 periculo
1669 278 1719 326 in
1745 277 1943 326 liberta-

453 371 550 414 tem
579 364 773 423 asserti,
802 378 1010 426 coepere
1037 362 1291 410 confestim
1329 362 1683 410 audacissimos
1711 374 1943 424 quosque,

454 455 503 498 et
527 439 744 513 praedae
783 446 1112 505 avidissimos,
1139 446 1202 494 ad
1236 446 1539 495 inferendam
1567 444 1805 494 Barbaris
1843 444 1942 492 vim

452 532 670 581 allicere.
698 533 776 580 Ita
802 535 1062 594 postquam
1089 530 1281 578 ducenti
1318 530 1471 578 ferme
1510 529 1717 593 primum
1743 526 1946 575 Rascia·

453 631 637 674 norum,
665 630 722 662 ac
747 613 1078 663 Valachorum
1108 629 1169 661 ex
1204 613 1383 661 ditione
1411 611 1807 677 Transylvanica
1829 625 1944 659 con-

452 698 706 763 venissent
723 713 734 744 ε
758 697 974 760 periculo
1001 697 1226 745 fortunae
1239 697 1383 756 fact0,
1399 697 1584 759 aliquot
1598 694 1808 744 castella
1821 694 1945 742 Tur-

453 796 631 842 carum,
659 779 818 829 caesis
846 795 1010 828 eorum
1038 780 1334 838 custodibus
1353 779 1613 842 diripuere.
1639 779 1758 826 Inde
1773 776 1946 826 animis

452 864 698 913 hominum
723 864 948 911 fortunae
975 877 1208 911 successu
1235 862 1395 923 elatis,
1424 877 1630 926 coepere
1654 862 1703 910 in
1727 861 1832 910 dies
1846 876 1945 908 ma-

454 947 534 1009 gis
575 952 721 1010 atque
749 946 906 1008 magis
934 946 1102 1009 copias
1130 959 1323 1006 cogere,
1351 951 1399 993 et
1422 945 1471 993 ni
1498 960 1609 993 sese
1631 944 1754 1008 ipsis
1780 943 1945 992 adiun-

453 1034 640 1093 gerent,
665 1032 871 1077 mortem
908 1027 1143 1087 omnibus,
1183 1027 1675 1090 confiscationemque
1708 1028 1944 1075 bonorum
1975 1044 1979 1047 ¹

454 1113 684 1161 minitari.
713 1111 807 1171 Illi,
835 1116 888 1160 ut
912 1116 1128 1170 mortem,
1142 1111 1541 1173 fortunarumque
1557 1125 1752 1159 suarum
1780 1107 1948 1157 discri-

457 1211 568 1243 men
607 1194 889 1256 effugerent‚
917 1192 1112 1242 nomina
1139 1194 1294 1242 coacti
1322 1193 1453 1252 dare,
1488 1208 1546 1241 ac
1573 1208 1627 1241 se
1652 1193 1752 1241 illis
1779 1191 1945 1241 adiun-

453 1292 586 1340 gere.
613 1277 691 1324 Ita
716 1279 1039 1339 posteaquam
1079 1276 1143 1323 ad
1183 1275 1274 1323 duo
1309 1275 1462 1323 millia
1487 1275 1679 1323 circiter
1703 1275 1947 1323 hominum

454 1360 682 1419 coissent,
709 1358 934 1407 nuncium
959 1358 1125 1422 palam
1151 1358 1214 1406 ad
1239 1358 1547 1406 Praefectum
1573 1357 1948 1406 Beczkereken-

453 1459 557 1491 sem
585 1443 884 1501 (Vaivodam
911 1442 1008 1506 ipsi
1022 1441 1435 1501 vocitabant],uti
1461 1442 1685 1505 sequenti
1710 1441 1788 1490 die
1814 1456 1869 1490 se
1884 1439 1947 1489 ad

454 1526 694 1590 praelium
719 1525 1014 1586 accingeret,
1042 1524 1235 1573 misere.
1263 1525 1341 1573 Ea
1365 1540 1420 1573 re
1448 1524 1645 1587 cognita
1660 1523 1948 1572 Praefectus

454 1610 576 1657 duos
605 1609 862 1657 confestim
889 1624 951 1656 ex
978 1607 1082 1655 suis
1109 1608 1326 1670 ablegat,
1363 1623 1507 1656 unum
1548 1608 1776 1668 Turcam,
1803 1606 1949 1654 alium

452 1693 734 1755 Vngarum,
784 1696 837 1740 ut
884 1691 919 1739 ii
970 1691 1181 1740 hostium
1234 1691 1404 1755 copias
1454 1691 1591 1739 iuxta
1641 1696 1788 1754 atque
1838 1689 1944 1738 ani-

453 1791 580 1823 mum
620 1775 950 1837 explorarent.
991 1774 1158 1822 Turca
1206 1778 1389 1822 mutato
1428 1772 1598 1821 habitu
1635 1773 1857 1821 comitem
1895 1789 1949 1823 se
1987 1813 1993 1817 ,

455 1857 659 1920 Vngaro
687 1856 888 1916 addens,
940 1856 1088 1904 rebus
1133 1856 1355 1904 omnibus
1380 1856 1592 1904 hostium
1619 1861 1698 1904 sat
1723 1857 1949 1921 explora-

454 1939 535 2001 tis,
562 1940 632 1988 ita
656 1955 759 1987 rem
784 1938 1047 1987 Praefecto
1074 1939 1239 1998 refert,
1278 1938 1349 1986 uti
1387 1938 1489 1986 suis
1517 1938 1705 1986 animos
1732 1937 1950 2000 adderet,

455 2027 503 2071 et
527 2022 676 2070 facile
702 2022 763 2070 iis
789 2021 956 2070 resisti
993 2035 1142 2085 posse
1181 2021 1499 2083 significaret.
1543 2020 1781 2084 ¹Vngarus
1815 2037 1949 2084 ver0‚

453 2105 565 2153 dum
590 2119 820 2167 magnum
847 2119 960 2152 esse
985 2103 1198 2152 hostium
1212 2119 1459 2153 numerum
1484 2103 1680 2166 indicat,
1707 2104 1947 2169 prodente

456 2203 563 2236 eum
589 2186 943 2251 explorationis
970 2187 1156 2248 comite,
1196 2202 1368 2251 parum
1408 2181 1600 2235 omnino
1633 2187 1803 2247 abfuit,
1833 2187 1949 2251 quin

451 2286 481 2317 a
507 2269 766 2317 Praefecto
816 2269 1188 2329 interficeretur,
1241 2269 1369 2332 quod
1405 2285 1578 2332 parum
1613 2269 1809 2332 integra
1853 2269 1949 2318 fide

450 2367 553 2400 rem
579 2367 841 2415 exponere,
868 2352 1149 2415 militesque
1165 2357 1354 2401 terrere
1372 2352 1631 2401 videretur.
1658 2351 1947 2400 Praefectus

450 2435 614 2496 igitur,
642 2449 850 2497 sperans
878 2434 1107 2498 oppidum
1134 2435 1304 2497 Bagoo
1319 2434 1465 2483 fluvio
1489 2440 1567 2483 sat
1579 2435 1811 2484 munitum
1824 2435 1947 2496 fore,

456 2516 694 2580 pensilem
722 2516 771 2562 in
796 2520 945 2579 ponte
982 2520 1175 2578 portam
1214 2517 1407 2577 extruit,
1449 2532 1651 2579 eamque
1689 2519 1946 2568 tormentis

452 2601 664 2664 undique
691 2600 884 2649 bellicis
909 2600 1075 2659 munit,
1103 2605 1151 2648 et
1177 2601 1336 2649 accita
1362 2617 1422 2649 ex
1447 2601 1663 2650 finitimis
1678 2602 1824 2666 pagis
1851 2617 1948 2650 non

453 2685 633 2747 exigua
657 2684 904 2752 hominum
945 2683 1215 2745 agrestium
1253 2700 1411 2745 manu,
1451 2685 1721 2733 custodiam
1747 2685 1942 2749 oppid0,

453 2783 594 2830 quam
621 2767 884 2816 maximam
910 2770 1088 2830 potest,
1116 2766 1267 2830 ponit.
1297 2766 1397 2815 Vix
1423 2768 1547 2816 haec
1561 2768 1682 2822 satis
1697 2768 1944 2816 commode

454 2850 778 2913 disposuerat,
805 2864 911 2898 cum
938 2864 1051 2897 ecce
1076 2849 1314 2913 postridie
1341 2850 1661 2899 Pentecostes
1688 2850 1779 2899 sub
1805 2850 1947 2899 meri.

453 2933 593 2994 diem,
647 2948 740 2997 quo
778 2931 1011 2998 temporis
1050 2932 1254 2982 articulo
1295 2948 1349 2981 se
1386 2939 1620 2983 venturos
1659 2933 1973 2998 pronuncia-³
