2112 3288
532 227 597 261 DE
622 227 732 262 nnn.
762 227 874 262 vno.
899 227 1009 261 nne.
1035 228 1081 261 x.
1109 229 1154 263 L.
1184 229 1229 263 x.
1502 200 1510 203 ,
1571 218 1673 272 275
1696 211 1699 215 ¹
1723 272 1725 275 ,

163 349 510 415 relinquerent.
543 348 744 400 Nullum
771 349 897 399 enim
924 355 1001 399 est
1026 349 1239 411 dubium,
1280 352 1401 415 quin
1438 353 1676 404 aviditate

164 434 291 485 lueri
317 431 592 485 Christiani
618 434 784 484 statim
811 434 990 496 allecti,
1019 436 1201 486 omisso
1231 436 1433 501 praelio,
1474 438 1537 487 ad
1563 438 1672 488 diri—

165 517 395 585 piendam
419 519 657 585 praedam
682 524 949 579 vertantur,
977 520 1026 568 in
1054 535 1211 585 eaque
1226 520 1509 585 colligenda
1540 538 1676 572 occu-

165 603 284 669 pati,
322 604 717 670 necopinantes,
745 620 841 653 non
869 603 1133 653 difficulter
1171 621 1201 654 a
1227 605 1370 654 nobis
1398 606 1672 671 oppriman-

164 692 256 739 tur.
286 686 480 739 Placuit
504 693 721 739 astutum
747 689 881 738 senis
933 689 1188 738 consilium
1228 690 1409 739 ceteris
1435 705 1671 755 purpura-

162 772 240 823 tis.
269 772 445 838 Itaque
459 772 662 823 dimisso
690 773 966 822 Zolnokum
981 771 1217 833 Caesare,
1244 774 1400 823 aciem
1414 774 1672 834 instruunt,

164 857 445 923 quingentis
471 857 668 907 circiter
695 854 766 924 (ut
803 858 901 923 ipsi
939 854 1094 923 aiunt)
1123 863 1421 907 armatorum
1460 859 1672 909 millibus

171 942 479 1008 completam,
507 947 558 992 et
585 957 731 1007 quum
757 943 820 992 ab
848 943 1246 1005 exploratoribus
1290 944 1600 1008 accepissent
1624 944 1674 992 in

169 1027 356 1093 campis
369 1027 870 1078 Keresztesiensibus
889 1025 1202 1078 Christianos
1231 1034 1397 1078 castra
1422 1028 1592 1092 posuis
1602 1043 1671 1087 se,

169 1126 227 1162 eo
266 1127 375 1161 cum
413 1113 637 1162 omnibus
697 1112 851 1177 copiis
890 1112 962 1162 ire
996 1112 1231 1163 statuunt.
1286 1112 1385 1162 Sed
1411 1119 1670 1178 antequam

168 1195 384 1246 Barbari
446 1210 503 1245 eo
567 1196 918 1261 pervenissent
947 1234 956 1257 ,
1025 1195 1369 1261 Sigismundus
1432 1197 1670 1262 Princeps

168 1296 276 1331 cum
302 1281 719 1346 Transylvanicis
748 1282 903 1348 copiis
930 1283 1087 1332 rivum
1126 1284 1259 1332 illum
1287 1283 1505 1344 fatalem,
1534 1283 1669 1332 cuius

166 1366 314 1432 paulo
342 1381 493 1431 supra
517 1367 834 1425 meminimus,
876 1368 968 1415 hoc
995 1367 1156 1416 animo
1183 1368 1462 1427 traiecerat,
1500 1373 1553 1416 ut
1590 1384 1670 1417 ex-

166 1449 379 1516 peditius
406 1465 513 1499 cum
527 1451 767 1500 Barbaris
793 1467 965 1500 manus
993 1452 1185 1500 conseri
1199 1458 1417 1517 possent.
1451 1450 1549 1501 Sed
1566 1467 1670 1502 cum

167 1533 535 1584 Maximilianus
563 1533 929 1599 Sigismundum
956 1537 1097 1601 sequi
1135 1541 1434 1597 recusasset,
1474 1552 1563 1586 nec
1601 1543 1670 1586 te-

168 1633 300 1670 mere
323 1619 740 1683 progrediendum
781 1621 1002 1682 dixisset,
1037 1621 1300 1684 transfuga
1327 1636 1414 1669 eos
1453 1626 1668 1670 terrente

166 1706 216 1767 et
250 1703 348 1754 iam
375 1702 645 1754 Caesarem
685 1706 942 1755 affuturum
982 1706 1269 1767 nunciante,
1324 1704 1667 1769 Sigismundus

166 1801 360 1854 quoque
385 1788 436 1838 in
459 1788 633 1855 priora
659 1794 826 1839 castra
853 1789 1038 1839 reverti
1052 1805 1159 1839 cum
1175 1789 1278 1839 suis
1294 1789 1590 1850 debuit.Qua
1616 1807 1669 1839 re

166 1873 230 1924 ab
256 1873 656 1940 exploratoribus
701 1880 750 1924 et
774 1875 1052 1938 transfugis
1080 1874 1294 1938 cognita,
1337 1880 1386 1924 et
1418 1890 1507 1940 pro
1535 1875 1670 1923 timo-

163 1958 235 2009 ris
272 1959 631 2025 significatione
659 1966 877 2026 accepta,
905 1961 1118 2011 Barbari
1157 1977 1215 2011 eo
1255 1961 1522 2010 animosius
1561 1976 1669 2026 pro-

164 2043 463 2107 grediuntur,
490 2051 540 2094 et
566 2045 643 2094 die
670 2045 819 2100 Iovis,
848 2046 929 2109 qui
956 2052 1062 2095 erat
1087 2044 1391 2095 XXIV.dies
1419 2044 1667 2103 Octobris,

164 2143 262 2179 non
286 2128 460 2194 procul
486 2146 516 2178 a
542 2121 726 2178 nostris
754 2134 919 2179 castra
946 2135 1233 2195 posuerunt,
1258 2135 1395 2179 tanto
1422 2145 1530 2179 cum
1545 2134 1666 2179 stre-

165 2215 270 2281 pitu
309 2230 566 2274 armorum,
608 2215 803 2265 fremitu
843 2230 1088 2279 equorum,
1129 2216 1290 2264 sonitu
1327 2215 1586 2276 hominum,
1614 2220 1665 2264 ut

164 2299 324 2367 instar
347 2299 625 2349 horrendae
651 2300 1039 2364 nigricantisque
1079 2300 1331 2350 cuiusdam
1358 2301 1668 2373 tempestatis

166 2383 436 2435 adventare
462 2390 511 2434 et
535 2400 737 2450 campos
764 2400 933 2435 omnes
968 2386 1283 2436 circumcirca
1311 2386 1514 2435 armatis
1542 2401 1667 2434 com-

165 2469 302 2535 plere
314 2469 610 2519 viderentur.
650 2468 794 2519 Vnde
809 2470 940 2520 haud
958 2487 1131 2536 parum
1147 2472 1365 2536 stuporis
1382 2470 1667 2520 Christiano

167 2554 404 2603 exercitui
429 2554 764 2615 incusserant,
805 2555 984 2620 quippe
1025 2556 1106 2620 qui
1146 2572 1206 2604 ne
1247 2555 1438 2604 tertiam
1476 2554 1668 2618 quidem

167 2639 501 2689 Barbarorum
538 2645 727 2704 partem
766 2656 965 2690 numero
1012 2641 1358 2705 adaequarent.
1415 2638 1668 2703 Quumque

165 2724 298 2775 intra
334 2724 535 2773 LXXX
572 2740 726 2774 annos
777 2742 947 2776 manus
987 2724 1260 2775 Christiani
1300 2740 1405 2773 cum
1446 2722 1664 2773 Caesare

169 2808 442 2860 Turcarum
467 2824 564 2859 non
590 2811 968 2871 conseruissent,
1001 2817 1049 2860 et
1074 2810 1344 2860 insolentes
1372 2807 1532 2858 adhuc
1557 2814 1661 2858 tan·

167 2897 326 2944 tarum
388 2893 635 2959 copiarum
698 2902 885 2955 essent,
952 2896 1047 2944 dici
1097 2910 1192 2944 non
1232 2898 1419 2959 potest,
1485 2899 1666 2957 quanto

171 2994 276 3028 cum
302 2979 507 3028 horrore
533 2984 647 3028 tunc
685 2979 963 3030 innumeras
1002 2996 1154 3046 prope
1185 2980 1455 3028 Turcarum
1496 2979 1665 3043 copias

171 3063 533 3129 conspexerint.
572 3063 679 3114 Nec
716 3069 876 3114 tamen
914 3080 999 3115 eos
1040 3065 1217 3114 defecit
1244 3063 1391 3113 animi
1417 3062 1662 3113 fortitudo.

1371 3155 1451 3200 18⁸
