2112 3288
604 189 667 221 nn
694 189 798 222 REB.
825 187 936 221 VNG.
964 187 1074 220 nnc.
1103 189 1218 221 x.·L.
1247 189 1330 222 vn.
1549 235 1555 238 ἢ
1622 172 1722 222 135

219 278 661 375 triangularesque‘,
691 306 882 355 duobus
908 305 1138 368 utrinque
1179 320 1345 354 earum
1372 305 1612 353 lateribus
1653 303 1719 353 le-

222 397 350 447 viter
382 393 433 444 in
468 391 774 457 pyramidem
800 389 1043 454 quandam
1071 389 1355 452 fastigiatis,
1381 392 1433 436 ut
1457 388 1520 436 iis
1546 388 1721 451 rapida

219 477 436 534 Danubii
484 475 617 526 unda
668 491 850 538 magno
889 475 1087 539 impetu,
1141 474 1456 537 secundoque
1510 473 1720 522 decursu

216 565 356 616 illata
379 548 701 622 scinderetur,
731 559 1023 623 faciliorque
1037 559 1175 623 ponti
1190 558 1340 608 statio
1357 557 1716 607 conciliaretur.

355 647 460 696 Eas
484 645 649 710 'igitur
692 649 956 710 postquam
989 644 1146 693 carris
1190 647 1340 708 atque
1393 643 1622 692 iumentis
1661 643 1712 691 in

213 734 377 791 castra
404 730 583 780 devehi
611 735 851 789 curasset,
880 729 1121 778 machinis
1147 729 1339 779 idoneis
1364 729 1415 777 in
1428 728 1606 778 flumen
1634 728 1715 777 de-

210 816 355 878 misit,
383 821 432 866 et
458 815 693 865 admensa
714 814 952 864 Danubii
995 814 1270 874 latitudine,
1310 814 1395 862 ubi
1420 818 1618 878 pontem
1643 814 1713 862 fa-

210 918 324 954 cere
349 905 608 962 statuerat,
647 916 739 965 pro
781 899 885 948 eius
923 900 1242 964 proportione
1282 899 1332 947 in
1358 899 1470 963 ipsa
1497 898 1607 963 ripa
1633 915 1712 948 ca-

210 988 340 1038 tenis
367 986 635 1050 colligavit,
663 991 711 1035 et
735 985 1008 1034 interiectis
1035 984 1163 1035 inter
1179 983 1405 1048 singulas
1432 999 1522 1034 sex
1534 983 1712 1049 pedum

207 1071 487 1123 intervallis
511 1071 583 1121 ita
608 1071 861 1130 trabibus,
900 1070 1158 1119 asseribus
1197 1070 1446 1132 instruxit,
1487 1074 1540 1119 ut
1564 1069 1711 1118 facile

207 1159 257 1208 in
282 1157 489 1208 alteram
515 1156 675 1221 ripam
702 1155 989 1204 continuata
1014 1154 1102 1204 illa
1128 1155 1326 1204 navium
1353 1154 1509 1204 series
1547 1158 1709 1203 trans-

208 1242 318 1293 duci
355 1245 540 1306 posset.
595 1240 859 1305 Instructis
898 1240 947 1288 in
986 1239 1114 1288 hunc
1152 1239 1346 1289 modum
1384 1238 1621 1299 navibus,
1662 1243 1710 1287 et

207 1331 408 1392 captata
429 1325 662 1374 nubilosa
689 1307 816 1374 coeli
843 1324 1094 1388 temperie,
1121 1324 1258 1373 iubet
1270 1327 1513 1372 tormenta
1527 1322 1707 1372 bellica

207 1406 269 1463 eit
292 1410 566 1476 composito
597 1410 648 1458 in
689 1414 856 1458 castra
895 1408 1137 1458 Matthiae
1170 1407 1464 1456 Archiducis
1504 1407 1706 1468 intendi,

206 1496 501 1562 explodique
528 1501 668 1545 tanta
694 1495 1003 1556 assiduitate,
1033 1499 1086 1544 ut
1113 1509 1303 1543 omnem
1317 1493 1475 1558 primo
1492 1491 1705 1542 Christi-

203 1581 328 1643 anis,
354 1580 474 1646 quid
500 1596 557 1630 eo
584 1584 847 1646 praetextu
875 1585 1121 1644 ageretur,
1143 1578 1478 1645 prospiciendi
1502 1578 1706 1628 faculta-

201 1672 314 1728 tem,
353 1665 535 1732 partim
572 1666 707 1714 fumo
749 1681 814 1715 ex
852 1665 1109 1714 tormentis
1153 1667 1470 1729 evaporante,
1525 1663 1704 1728 partim

200 1767 321 1802 vero
358 1750 557 1801 nebulis
597 1750 725 1801 coeli
776 1750 1007 1800 Danubio
1046 1748 1457 1809 incumbentibus,
1508 1748 1705 1812 penitus

201 1836 453 1886 adimeret.
518 1836 722 1886 Interim
786 1835 897 1885 dum
961 1835 1077 1899 quid
1126 1835 1380 1883 Barbarus
1435 1833 1704 1894 moliretur,

200 1920 473 1972 Christiani
500 1920 790 1985 disquirunt,
818 1918 1031 1977 Sinanus
1045 1935 1214 1981 naveS,
1240 1919 1338 1968 iam
1365 1919 1429 1968 ad
1443 1934 1552 1968 eum
1564 1934 1705 1969 usum

199 2010 563 2066 concatenataS,
603 2005 854 2069 remisque
904 2005 1189 2065 instructaS,
1241 2019 1426 2053 summo
1465 2003 1704 2054 militibus

200 2091 363 2141 studio
389 2090 735 2150 adnitentibus,
772 2090 822 2138 in
856 2090 1139 2140 ulteriorem
1178 2089 1335 2154 ripam
1361 2089 1629 2150 transvehi,
1658 2094 1707 2138 et

200 2174 430 2226 anchoris
453 2175 504 2224 in
527 2175 706 2225 flumen
734 2173 939 2223 deiectis
968 2174 1181 2224 stabiliri
1208 2178 1360 2224 curat.
1376 2172 1567 2234 Quibus
1593 2189 1702 2238 per-

196 2260 356 2318 fectis,
372 2258 597 2326 protinus
624 2258 880 2324 praedicto
894 2260 1090 2308 navium
1103 2258 1369 2307 interstitio
1391 2257 1705 2307 admensura-

197 2349 277 2394 tas
301 2343 648 2416 trabes-infici,
663 2343 989 2409 trabibusque
1004 2358 1260 2393 assereres
1273 2342 1458 2408 imponi
1483 2343 1698 2392 mandat.

197 2428 318 2477 Mox·
340 2443 570 2493 magnum
594 2433 946 2478 tormentorum
974 2429 1210 2478 maiorum
1250 2443 1309 2478 ac
1350 2427 1589 2477 minorum
1615 2444 1700 2478 nu-

198 2526 380 2561 merum
418 2529 508 2578 per
544 2519 742 2579 pontem
781 2518 897 2564 ante
937 2530 991 2564 se
1028 2514 1297 2574 transvehi,
1331 2513 1491 2578 iisque
1518 2513 1701 2563 aditum

199 2595 376 2660 pontis,
401 2612 462 2646 ne
488 2598 552 2647 ab
578 2598 924 2661 ingruentibus
951 2599 1190 2660 hostibus,
1219 2598 1329 2647 dum
1344 2596 1527 2647 milites
1542 2602 1700 2646 trans-

199 2684 527 2745 portarentur,
554 2683 843 2749 interrumpi
870 2690 1057 2749 posset,
1085 2684 1363 2733 firmissime
1390 2682 1699 2732 muniendum

196 2765 422 2830 imperat.
448 2767 566 2831 Ipse
594 2784 813 2833 quoque,
854 2770 1150 2834 praemissis
1166 2769 1425 2829 Ianizaris,
1454 2783 1559 2816 eum
1587 2745 1698 2816 ‹fen-

198 2855 298 2900 tum
324 2849 518 2900 circiter
559 2853 852 2904 selectorum
892 2855 1122 2919 equitum,
1163 2853 1488 2919 peditumque,
1519 2851 1696 2917 quibus

199 2939 248 2984 et
273 2935 478 2985 Tartari
500 2936 771 2988 intermixti
807 2940 1014 3002 fuerant,
1048 2940 1277 3000 millibus,
1316 2939 1365 2988 in
1403 2938 1698 2988 exteriorem

195 3018 354 3084 ripam
396 3016 576 3083 evadit,
629 3021 816 3071 relictis
852 3025 982 3074 ultra
1021 3023 1299 3075 Danubium
1338 3022 1568 3090 reliquis,
1615 3021 1697 3090 qui
