2112 3288
444 178 520 220 LX
955 193 1083 225 nacsr
1105 182 1243 226 amos
1267 182 1411 226 annm

447 306 704 350 assecutus
732 317 849 363 sum,
879 307 953 351 est
981 304 1110 367 quod
1136 306 1255 353 mihi
1282 307 1516 369 gratuler.
1547 304 1631 355 Sin
1658 307 1827 364 minus,
1854 322 1930 355 me

442 391 601 434 tamen
639 400 777 435 meae
827 403 1006 452 operae
1045 404 1138 437 non
1178 390 1461 453 poenitebit.
1502 391 1596 439 His
1631 391 1754 439 enim
1803 389 1932 439 lucu-

441 470 748 520 brationibus
775 472 942 521 videor
969 474 1210 531 effecisse,
1237 481 1289 523 ut
1314 481 1361 524 et
1390 475 1575 523 vixisse
1602 490 1677 523 me
1718 473 1930 539 posteri-

441 553 570 613 tatis,
599 554 642 602 si
669 570 765 618 qua
789 555 885 605 iam
911 557 1075 607 futura
1102 558 1182 607 diu
1210 569 1299 620 est,
1328 559 1618 623 patriaeque
1657 557 1929 607 studiosum

440 643 663 698 testarer,
703 644 751 686 et
786 643 971 689 tantam
1012 642 1186 691 saltem
1224 643 1385 705 legum
1424 641 1750 704 cognitionem
1792 655 1927 690 asse-

440 737 629 785 querer,
656 738 715 770 ne
742 723 791 771 in
817 723 878 772 iis
903 741 1106 788 prorsus
1132 727 1314 791 hospes
1342 742 1400 775 ac
1426 726 1718 790 peregrinus
1749 740 1923 774 essem.

440 805 600 870 Atque
627 806 748 855 haec
775 807 834 856 de
860 808 980 858 iuris
1007 810 1166 859 studio
1193 809 1430 875 pluribus,
1471 824 1614 873 quam
1642 813 1924 869 statueram,

440 890 569 938 dicta
595 894 750 938 sunto.

579 974 852 1024 Historiam
891 979 1051 1023 autem
1090 989 1173 1023 cur
1212 978 1470 1040 tantopere
1509 975 1666 1023 nostri
1699 974 1924 1024 homines

372 1076 374 1080 ‘
437 1058 759 1120 neglexerint,
784 1064 836 1107 ut
860 1074 999 1107 nemo
1026 1059 1262 1107 hactenus
1297 1075 1358 1107 ex
1382 1059 1447 1107 iis
1475 1059 1776 1108 clarissimas
1805 1072 1925 1107 suae

437 1144 598 1210 gentis
626 1158 707 1192 res
735 1143 1107 1206 conscripserit:
1137 1143 1186 1190 id
1224 1158 1341 1192 vero
1380 1143 1530 1207 longe
1566 1143 1739 1192 maiori
1779 1142 1923 1191 etiam

435 1228 753 1277 admiratione
775 1226 1113 1291 dignissimum
1127 1232 1215 1275 est.
1257 1227 1422 1276 Nolim
1436 1226 1658 1291 pluribus
1688 1227 1793 1275 eius
1821 1227 1922 1275 lau-

437 1312 522 1361 des
538 1325 861 1374 exaggerare,
890 1325 1012 1373 quas
1039 1326 1208 1359 omnes
1241 1311 1451 1375 optimus
1476 1311 1562 1359 ille
1589 1309 1781 1359 dicendi
1807 1323 1919 1358 sen·

435 1394 682 1457 tiendique
734 1393 973 1456 magister
1011 1393 1390 1457 comprehendit,
1443 1392 1552 1442 dum
1604 1409 1711 1442 eam
1748 1399 1924 1444 testem

433 1484 716 1544 temporum,
733 1478 886 1526 lucem
911 1477 1145 1548 veritatis,
1172 1478 1320 1526 vitam
1342 1477 1616 1538 memoriae,
1633 1478 1924 1542 magistram

435 1564 575 1622 vitae,
614 1563 837 1611 nunciam
870 1561 1131 1610 vetustatis
1159 1562 1411 1626 appellare
1436 1577 1534 1611 non
1566 1561 1769 1611 dubitat.
1825 1559 1924 1610 Sed

434 1647 780 1697 necessitatem
820 1645 1013 1694 silentio
1051 1646 1323 1709 praeterire
1373 1661 1470 1694 non
1520 1660 1742 1709 possum,
1797 1660 1922 1708 quae

433 1736 564 1780 certe
590 1734 727 1778 tanta
754 1734 843 1787 est,
872 1733 1101 1792 quantam
1139 1729 1361 1778 homines
1401 1728 1589 1777 cordati
1626 1728 1773 1777 facile
1800 1728 1919 1778 iudi-

434 1829 547 1863 care
573 1818 791 1878 possunt.
835 1812 887 1861 Si
925 1827 1050 1862 unus
1078 1812 1272 1875 quidam
1305 1812 1514 1876 scriptor
1552 1812 1812 1875 barbarus,
1838 1828 1921 1862 no-

433 1900 560 1948 mine
600 1899 812 1957 MarcuS,
864 1897 1099 1946 maiorum
1137 1902 1413 1946 nostrorum
1453 1896 1692 1958 originem
1731 1913 1790 1946 ac
1839 1912 1921 1946 res

434 1988 602 2047 gestas
641 1983 691 2030 in
729 1981 1019 2030 adversaria
1058 1996 1154 2029 non
1192 1979 1482 2029 retulisset:
1511 1980 1762 2044 peregrini
1789 1985 1922 2030 certe

433 2084 490 2116 ac
514 2066 739 2131 hospites
764 2066 814 2113 in
841 2065 950 2128 ipso
977 2064 1130 2113 natali
1157 2064 1263 2112 solo
1291 2078 1404 2112 esse
1430 2079 1730 2126 cogeremur.
1757 2064 1836 2112 Ex
1861 2079 1920 2114 eo

433 2151 557 2200 enim
597 2149 872 2198 Thurocius
912 2149 1166 2198 materiam
1212 2147 1458 2197 scribendi
1484 2147 1692 2212 sumpsit
1717 2163 1921 2206 omnem,

432 2235 519 2284 sed
544 2235 612 2282 ita
637 2233 850 2290 horrid0‚
888 2233 1102 2281 barbaro
1129 2248 1188 2280 ac
1225 2232 1417 2296 poetico
1457 2231 1696 2281 sermonis
1735 2247 1919 2294 genere

430 2333 562 2380 usne,
589 2322 640 2366 ut
677 2317 906 2365 tenebras
932 2316 1093 2380 potius
1131 2316 1382 2375 historiae,
1423 2331 1565 2379 quam
1596 2315 1787 2379 patriae
1813 2313 1919 2378 glo-

431 2402 551 2451 riam
603 2416 689 2450 suo
729 2400 888 2449 studio
935 2399 1196 2448 conciliare
1234 2399 1450 2448 voluisse
1502 2398 1739 2447 videatur.
1793 2398 1917 2447 Eius

431 2485 644 2549 vestigia
676 2484 830 2533 secuti
867 2485 1002 2532 fuere
1042 2483 1218 2532 Petrus
1268 2482 1548 2541 Ranzanus,
1587 2487 1636 2530 et
1674 2480 1918 2531 Antonius

431 2569 697 2630 Bonfinius,
722 2562 943 2618 homines
981 2568 1245 2632 peregrini,
1274 2568 1356 2631 qui
1392 2571 1466 2617 tot
1492 2566 1703 2616 anilibus
1735 2567 1918 2616 fabulis

431 2670 489 2704 ac
522 2642 682 2702 'rebus
732 2652 935 2701 exoticis
988 2652 1310 2700 obscurarunt
1372 2651 1627 2699 veritatem
1676 2649 1917 2700 historiae

431 2743 646 2798 nostrae,
673 2741 725 2786 ut
751 2736 1007 2785 dolendum
1033 2736 1111 2795 sit,
1140 2736 1351 2799 aliquem
1369 2751 1395 2784 e
1422 2735 1617 2794 nostris,
1647 2736 1728 2798 qui
1754 2750 1917 2784 curam

434 2820 539 2872 eius
577 2822 648 2871 rei
701 2821 1014 2885 suscepisset,
1067 2820 1304 2868 hactenus
1356 2819 1602 2868 inventum
1652 2835 1747 2868 non
1791 2833 1916 2868 esse.

435 2906 734 2956 Praesertim
775 2921 880 2954 cum
919 2905 1129 2953 Ioannes
1164 2902 1447 2964 Sambucus,
1486 2903 1644 2963 hom0,
1694 2907 1746 2952 ut
1795 2901 1917 2951 nihil

434 2989 567 3039 aliud
582 2989 752 3049 dicam,
783 2989 840 3038 de
866 2988 1089 3038 Historia
1116 2986 1371 3050 Vngarica
1385 2986 1511 3037 male
1529 2986 1741 3047 meritus,
1770 2985 1913 3035 etiam
