2112 3288
469 187 571 238 288
1009 206 1071 239 10.
1098 207 1231 240 DECH
1262 209 1459 244 BAnovn

470 320 760 377 excesserit,
812 320 930 370 nihil
966 322 1279 390 imposterum
1318 326 1533 391 impedit,
1584 330 1854 392 quominus,
1902 338 1955 382 ut

469 404 702 462 antehac,
767 405 838 454 sic
902 422 1048 470 porro
1100 424 1288 473 quoque
1335 412 1620 476 obsequium
1668 414 1954 478 splendidae

469 489 783 553 Imperatoris
809 490 963 538 nostri
988 496 1161 554 portae
1189 493 1436 557 deferatis,
1466 497 1758 562 eosdemque
1782 497 1952 549 hostes

468 576 516 620 et
542 572 724 621 amicos
749 573 998 623 nobiscum
1012 574 1253 625 habeatis.
1280 574 1561 629 Memineris
1581 586 1770 644 patrem
1795 597 1952 632 meum

467 655 756 705 Memhetem
784 656 1005 717 Bassam,
1044 664 1183 719 patre
1213 664 1295 708 tuo
1322 663 1654 724 gubernacula
1680 666 1820 728 regni
1869 667 1955 715 ob—

463 739 661 799 tinente,
698 756 852 805 usque
895 741 1018 790 adeo
1056 743 1294 792 benevole
1332 746 1379 793 in
1407 748 1821 812 Transylvaniam
1846 750 1948 799 ani·

464 830 643 873 matum
679 825 845 885 fuisse,
887 843 945 875 ac
971 831 1109 875 tanta
1135 828 1390 890 diligentia
1429 847 1536 880 eam
1565 834 1857 893 defendisse,
1895 838 1948 883 ut

462 908 574 956 hinc
614 924 639 957 e
665 907 848 957 Turcia
884 925 945 957 ne
984 910 1090 958 avis
1130 911 1319 973 quidem
1359 916 1484 963 male
1522 916 1571 963 in
1609 932 1698 966 vos
1735 918 1950 967 animata

464 993 710 1041 avolaret:
748 997 931 1041 tantum
971 995 1112 1042 abest
1150 1000 1200 1042 ut
1226 995 1469 1046 hostiliter
1494 1001 1794 1062 provinciam
1814 1006 1946 1050 tuam

463 1093 493 1125 a
519 1075 726 1140 quodam
752 1075 919 1139 impeti
943 1091 1122 1139 passus
1148 1078 1337 1126 fuisset,
1379 1079 1592 1130 Proinde
1629 1083 1699 1132 tui
1737 1084 1948 1134 muneris

459 1165 535 1209 est
558 1159 702 1208 fidem
726 1163 981 1223 paternam
995 1160 1286 1221 meminisse,
1304 1163 1504 1228 eiusque
1521 1165 1686 1215 virtuti
1711 1181 1770 1216 ac
1796 1167 1944 1216 vesti-

461 1244 559 1307 giis
608 1243 851 1303 insistere,
890 1244 959 1292 ita
985 1248 1037 1292 ut
1050 1245 1329 1295 universum
1343 1263 1498 1310 genus
1511 1248 1770 1299 humanum
1785 1251 1947 1302 fausta

453 1318 550 1376 'tibi
592 1344 811 1391 quaeque
852 1328 1066 1376 ominari·
1090 1330 1263 1393 possit.
1316 1331 1555 1395 Equidem
1605 1334 1835 1397 profiteor
1870 1350 1946 1384 me

461 1412 629 1478 optimi
660 1412 819 1476 patris
854 1413 1083 1476 optimum
1119 1413 1268 1462 filium
1310 1431 1435 1477 esse,
1475 1417 1680 1482 ideoque
1705 1418 1947 1482 integrum

459 1514 535 1546 me
573 1515 630 1547 ac
670 1498 907 1547 sincerum
935 1499 1125 1547 censeri
1151 1501 1304 1564 cupio.
1356 1502 1495 1551 Haec
1532 1510 1608 1553 est
1644 1505 1750 1554 sola
1781 1500 1945 1565 causa,

459 1582 588 1646 quod
614 1582 760 1631 etiam
786 1582 920 1631 dete
960 1599 1017 1631 ac
1055 1588 1138 1632 tua
1176 1584 1354 1634 virtute
1392 1587 1583 1636 nonnisi
1627 1587 1942 1638 honorificam

460 1682 622 1715 coram
662 1668 965 1730 Imperatore
1003 1673 1188 1727 nostr0,
1243 1670 1622 1735 quotiescunque
1660 1673 1853 1721 occasio
1890 1688 1945 1721 se

460 1750 647 1810 obtulit,
688 1765 945 1798 censuram
983 1750 1194 1798 tulerim.
1237 1752 1395 1811 Quum
1445 1771 1599 1819 nuper
1639 1754 1945 1819 Gryrgioviae

459 1849 583 1898 pons
609 1833 658 1881 in
687 1833 914 1882 Danubio
941 1834 1116 1882 fuisset
1140 1835 1312 1894 factus,
1341 1837 1514 1885 credas
1541 1838 1686 1886 velim
1713 1853 1819 1886 eum
1843 1853 1940 1887 non

455 1917 553 1966 alia
579 1917 638 1965 de
664 1933 813 1966 causa
837 1916 990 1965 fuisse
1018 1922 1329 1976 exstructum,
1362 1935 1506 1981 quam
1531 1926 1584 1969 ut
1609 1937 1666 1970 eo
1681 1922 1940 1970 universae

456 2000 689 2050 Caesaris
715 2000 884 2064 copiae
908 2000 1145 2049 traiectae
1170 2001 1220 2049 in
1237 2003 1612 2068 Transylvanos
1638 2005 1939 2055 ducerentur·

457 2084 555 2134 Sed
577 2090 735 2134 testor
761 2084 933 2145 Deum,
960 2101 1035 2134 me
1066 2086 1223 2135 solum
1253 2087 1407 2136 fuisse
1432 2104 1521 2152 pro
1546 2089 1687 2138 vobis
1714 2089 1942 2154 depreca-

453 2175 608 2218 torem
637 2169 767 2233 apud
779 2167 1060 2230 Caesarem,
1089 2154 1342 2234 quominus
1368 2174 1621 2236 provincia
1646 2179 1730 2223 tua
1754 2179 1942 2239 petere-

454 2260 543 2301 tur.
572 2255 676 2302 Imo
704 2253 747 2301 si
772 2253 835 2301 ad
859 2257 1056 2316 pontem
1075 2254 1463 2317 Belgradensem
1489 2263 1676 2306 mature
1700 2257 1819 2306 mihi
1831 2273 1939 2322 per-

455 2337 621 2385 venire
648 2335 950 2397 contigisset,
976 2351 1083 2384 eum
1109 2352 1298 2400 quoque
1313 2338 1751 2389 interscindendum
1775 2356 1937 2390 curas-

455 2436 572 2469 sem.
601 2417 700 2467 Sed
726 2434 836 2467 sero
862 2419 975 2467 illuc
999 2435 1241 2482 veneram,
1282 2437 1388 2470 cum
1412 2422 1509 2471 iam
1534 2424 1664 2472 bona
1688 2425 1934 2489 copiarum

454 2518 571 2568 pars
597 2502 1112 2567 pontemtransiisset.
1163 2502 1274 2552 Scio
1313 2509 1361 2553 te
1388 2520 1738 2571 saepenumero
1765 2508 1932 2558 huma-

454 2588 579 2649 niter
605 2603 663 2635 ac
687 2586 875 2651 prolixe
902 2586 1018 2634 mihi
1044 2587 1320 2651 scripsisse,
1358 2589 1543 2654 hasque
1583 2592 1753 2641 turbas
1792 2607 1931 2641 excu-

454 2686 609 2732 sasse,
636 2686 740 2741 cum
766 2685 920 2734 nuper
958 2671 1259 2721 obsidionem
1288 2674 1747 2726 Tomosvariensem
1785 2677 1929 2726 inter-

454 2755 709 2817 mittebas3
757 2754 977 2818 equidem
1012 2754 1133 2802 nihil
1173 2757 1326 2817 omisi,
1369 2774 1461 2821 quo
1501 2760 1630 2824 apud
1667 2759 1930 2810 Caesarem

451 2823 631 2889 factum
656 2845 788 2887 tuum
814 2854 1112 2900 excusarem,
1149 2840 1219 2888 ita
1256 2846 1307 2889 ut
1335 2843 1566 2907 quidquid
1590 2844 1825 2894 hactenus
1850 2845 1929 2894 ad—

452 2939 624 2972 versus
636 2923 865 2972 invictam
881 2923 984 2972 eius
998 2923 1300 2973 maiestatem
1316 2927 1610 2988 commisisti,
1634 2928 1705 2977 ita
1730 2944 1804 2977 me
1830 2929 1927 2977 De-

453 3024 510 3057 us
525 3008 733 3071 adiuvet,
749 3007 1013 3057 Caesarem
1027 3005 1260 3074 (fecerim)
1269 3011 1357 3059 tibi
1371 3011 1423 3059 id
1437 3017 1588 3061 totum
1604 3013 1920 3064 condonasse.

2106 2894 2112 2902 .
2109 2815 2112 2817 .
2099 2729 2112 2790 -;-,.
2100 2452 2112 2719 sauma-...mma-
2108 2435 2112 2442 .
