2112 3288
610 183 674 216 DE
697 181 804 215 ΗΕΒ.
830 181 941 214 VNG.
966 181 1076 213 nnc.
1105 181 1150 214 x.
1177 182 1220 213 L.
1250 182 1299 214 11.
1513 186 1521 188 -
1637 168 1710 218 23»

222 316 372 367 supra
396 300 780 366 quadringentos
818 311 925 347 cum
950 297 1108 346 literis
1135 296 1340 357 dimisit,
1369 297 1544 360 quibus
1584 281 1708 361 quae

220 385 352 435 bello
376 384 488 434 huic
517 381 804 433 necessaria
828 377 1143 441 videbantur,
1181 380 1341 441 vitoe,
1381 396 1543 439 arma,
1583 396 1708 429 com-

219 473 422 531 meatus,
447 473 496 519 et
518 469 603 518 ubi
628 467 806 532 quique
832 467 1007 516 armati
1020 470 1223 531 praesto
1237 465 1333 514 sibi
1358 470 1538 525 essent,
1565 480 1704 515 cunc-

218 553 284 603 tis
320 552 609 619 imperabat.
647 552 728 601 Ita
763 551 896 600 misit
935 550 998 600 ad
1023 550 1300 616 Principem
1326 564 1518 614 quoque
1551 550 1709 599 Tran-

219 636 487 704 sylvaniae,
502 634 866 701 sigismundum
880 635 1181 696 Bathorium‚
1207 633 1570 685 Mahumethem
1596 635 1707 684 obs-

219 736 334 772 curo
380 720 573 786 quidem
615 720 665 769 in
704 719 1075 786 Transylvania
1111 719 1218 770 loco
1254 724 1454 779 natum,
1501 718 1590 768 sed
1626 719 1708 782 qui

218 811 331 857 ante
354 806 631 872 complures
657 821 825 866 annos,
853 805 1054 855 deserta
1078 805 1181 855 vita
1207 804 1530 865 scholastica,
1564 818 1709 868 quam

217 890 529 955 aliquamdiu,
557 890 774 942 docendo
801 890 1099 940 iuventutem
1123 890 1379 955 professus
1403 889 1577 945 fuerat,
1604 891 1710 952 pat-

214 975 318 1025 riae
341 975 568 1040 religioni
603 975 829 1026 nuncium
854 974 1172 1034 remittendo,
1200 974 1263 1024 ad
1286 973 1438 1039 impia
1458 972 1707 1023 Mahome-

213 1059 279 1109 tis
303 1074 449 1109 sacra
474 1059 764 1120 desciverat,
792 1064 1096 1124 tantumque,
1126 1056 1557 1123 Constantinopoli
1582 1057 1708 1106 inter

215 1143 359 1195 aulae
382 1144 518 1195 illius
542 1145 786 1211 mancipia
812 1145 1011 1210 degenS‚
1037 1145 1087 1194 in
1113 1143 1437 1194 familiaribus
1465 1143 1570 1192 eius
1592 1157 1708 1205 gen-

213 1228 278 1279 tis
304 1229 505 1292 artibUS,
532 1230 867 1291 simulatione,
895 1230 1047 1291 dolis,
1077 1229 1320 1289 versutia,
1362 1243 1558 1278 suorum
1583 1226 1709 1285 odic,

216 1317 266 1363 et
290 1313 566 1378 proditione
590 1315 882 1378 profecerat,
909 1318 962 1363 ut
989 1329 1049 1363 ea
1072 1313 1258 1377 ingenii
1284 1313 1501 1373 levitate,
1530 1317 1578 1362 et
1598 1326 1706 1376 per-

216 1397 334 1448 fidia
357 1399 649 1464 peregrinus
686 1399 831 1450 homo
870 1404 1014 1449 natos
1040 1400 1187 1463 longe
1213 1400 1406 1449 Turcas
1432 1401 1704 1463 superaret,

218 1478 305 1548 (et)
330 1498 438 1533 cum
466 1483 697 1548 linguam,
728 1499 903 1546 moreS,
932 1489 981 1533 et
1005 1483 1227 1533 instituta
1253 1484 1526 1533 Turcarum
1552 1482 1706 1546 probe

217 1566 414 1628 callere,
440 1583 511 1630 ac,
539 1568 667 1632 quod
682 1573 826 1634 caput
839 1573 927 1630 est,
955 1566 1492 1628 mentiendo‚fallendo,
1522 1571 1570 1615 et
1595 1579 1703 1615 cum

217 1651 502 1716 aequalibus
529 1652 835 1715 adulatione,
875 1656 924 1701 et
948 1651 1168 1715 nequitia
1195 1651 1453 1711 certand0,
1486 1648 1708 1715 perbelle

214 1735 311 1784 iam
336 1732 550 1785 Turcam
587 1737 775 1786 referre
813 1736 1089 1797 videretur,
1130 1735 1181 1784 in
1220 1733 1546 1805 Ohausiorum
1583 1735 1710 1784 ordi-

199 1835 324 1897 ¹nem
348 1820 571 1873 adlectus
597 1823 701 1874 fuit.

824 1929 1097 1936 m

677 2032 909 2127 &APVT
948 2075 1249 2127 SEXTVM.

214 2206 292 2256 De
317 2204 530 2257 oratione
568 2208 847 2260 Mahometis
888 2209 1121 2273 Chausz'z',
1160 2209 1227 2257 ad
1244 2209 1511 2272 principem
1556 2206 1707 2255 Pran-

836 2294 1101 2359 sylvanum.

355 2413 447 2475 Hi,
485 2419 746 2479 postquam
778 2414 960 2465 Albam
998 2415 1198 2476 Iuliam,
1239 2415 1439 2465 mutatis
1478 2415 1542 2464 ad
1580 2413 1705 2463 cele-

215 2497 409 2547 ritatem
434 2498 680 2561 iumentis,
707 2500 1017 2561 advolasset,
1055 2501 1187 2550 illico
1213 2488 1481 2565 postulanti
1508 2505 1707 2549 senatus

218 2581 360 2631 datus
398 2583 512 2646 fuit,
550 2585 600 2633 in
627 2600 721 2650 quo
763 2584 969 2634 redditis
1007 2584 1225 2650 Principi
1264 2582 1500 2634 Caesaris
1538 2585 1707 2644 literiS,

216 2666 415 2730 longam
441 2668 708 2718 orationem
734 2685 959 2732 exorsus,
987 2670 1148 2735 coepit
1173 2684 1552 2719 commemorare
1595 2684 1707 2717 cau-

218 2765 316 2812 sas,
343 2750 519 2814 quibus
545 2751 734 2803 Caesar
758 2755 997 2815 inductus,
1024 2755 1156 2818 Regi
1181 2754 1451 2804 Viennensi
1467 2750 1555 2817 (ita
1582 2753 1708 2801 enim

215 2835 289 2884 illi
313 2834 642 2885 Romanorum
679 2839 1031 2903 Imperatorem
1073 2835 1345 2903 appellant)
1384 2838 1564 2886 bellum
1590 2836 1709 2885 indi-

217 2920 401 2982 xisset,
440 2935 612 2986 nempe
652 2920 1006 2974 Germanorum
1045 2923 1292 2972 nationem
1330 2922 1620 2985 inquietam,
1661 2925 1709 2969 et

217 3006 363 3056 alieni
401 3011 711 3071 appetentem
747 3022 939 3075 semper
961 3009 1144 3065 fuisse.
1186 3006 1475 3069 Hungariae
1514 3004 1706 3069 quidem
