2112 3288
554 213 561 219 -
606 202 670 234 mn
697 201 805 234 nnn.
834 199 946 233 VNG.
977 199 1088 231 nnc.
1117 199 1162 231 x.
1192 199 1235 231 L.
1263 199 1309 232 v.
1523 213 1529 215 e
1635 184 1718 234 97.

187 320 444 370 voluntate
470 321 659 366 tentata
698 315 777 374 sit,
816 313 1099 378 Principem
1137 314 1463 376 interrogare,
1500 309 1700 375 respon-

189 418 296 467 sum
322 405 413 458 est,
452 405 681 463 agrestes
719 399 834 447 illos
884 397 1104 446 foederis
1141 402 1482 456 temeratores,
1522 411 1702 459 nequa-

190 500 335 550 quam
359 482 591 547 Principe
618 483 842 532 consulto
867 485 1056 530 tantum
1083 480 1274 528 facinus
1290 493 1579 543 aggressos,
1608 479 1702 527 sed

191 568 396 633 propria
431 566 650 627 libidine,
669 571 733 615 .et
769 565 990 630 praedae
1027 563 1190 613 studio
1232 578 1290 612 eo
1329 562 1565 612 vesaniae
1592 578 1705 626 pro-

156 695 167 700 ,
195 650 428 700 cessisse.
491 685 494 689 -
1166 664 1169 667 ·

335 735 511 798 Itaque
538 748 762 796 aequum,
802 746 862 780 ac
897 731 1077 780 iustum
1116 745 1241 784 esse,
1282 745 1344 778 ne
1383 730 1529 795 culpa
1561 729 1704 779 huius

189 817 265 868 rei
289 816 511 881 Principi
537 817 601 865 ab
626 816 688 865 iis
713 816 1028 875 tribueretur,
1068 814 1151 878 qui
1188 813 1320 862 omni
1365 813 1527 863 studio
1578 813 1629 861 in
1654 813 1705 860 id

187 900 507 965 imposterum
531 899 836 949 incubiturus
863 904 1012 958 esset,
1039 914 1102 947 ne
1128 897 1245 961 quid
1270 897 1372 947 tale
1400 914 1430 946 a
1446 897 1550 946 suis
1578 912 1703 946 com-

187 985 420 1042 mittatur,
461 989 511 1033 et
547 984 822 1047 quicunque
859 976 1004 1032 liuius
1036 982 1110 1030 rei
1148 982 1334 1030 conscii
1369 981 1703 1046 deprehende-

189 1073 372 1129 rentur,
399 1067 614 1117 debitam
652 1068 824 1117 laesae
862 1066 1145 1116 Maiestatis
1183 1066 1453 1129 violatique
1485 1066 1702 1116 foederis

188 1166 397 1217 poenam
422 1153 630 1202 luerent.
657 1154 737 1201 Ita
774 1149 1334 1200 Chausiiverisimilibus
1374 1150 1704 1198 excusationi·

188 1236 296 1296 bus,
324 1235 563 1300 donisque
590 1235 793 1295 deliniti,
847 1235 910 1284 ad
949 1249 1067 1284 suos
1106 1234 1313 1291 rediere,
1368 1233 1499 1282 haud
1525 1234 1702 1296 ignari,

192 1333 286 1368 non
335 1319 634 1368 voluntatem
688 1317 1076 1383 'Pransylvanis‚
1131 1317 1221 1365 sed
1272 1316 1580 1365 occasionem
1630 1317 1704 1365 rei

190 1407 365 1451 contra
390 1401 584 1451 'Furcas
610 1401 861 1466 gerendae
890 1401 1080 1450 deesse.

614 1661 850 1714 OAPVT
890 1660 1268 1711 SEPTIMVM.

380 1783 458 1831 De
486 1781 668 1832 Sinam
692 1782 906 1831 consiliis
923 1790 1032 1845 post
1059 1781 1243 1830 cladem
1283 1788 1543 1844 acceptam.

164 1981 170 1986 Π
333 1915 464 1965 Dum
488 1915 614 1965 haec
637 1915 722 1975 ita,
762 1919 816 1963 ut
854 1914 1034 1964 dictum
1072 1919 1163 1975 est,
1204 1919 1456 1977 geruntur,
1485 1911 1701 1962 Sinanus

186 1999 426 2063 Belgradi
452 2014 783 2060 commorans,
838 2000 978 2048 varia
1017 1985 1348 2048 sollicitudine
1400 1999 1700 2062 agitabatur.

190 2083 472 2147 Plagrabat
498 2084 643 2146 enim,
671 2099 824 2148 supra
851 2100 996 2147 quam
1022 2084 1249 2147 cuiquam
1272 2083 1508 2133 credibile
1537 2083 1616 2144 sit,
1630 2083 1701 2130 in-

191 2167 328 2217 vidia
353 2168 485 2233 apud
510 2166 796 2229 Caesarem,
825 2168 907 2231 qui
932 2167 1286 2232 instigantibus
1314 2167 1494 2217 ceteris
1521 2179 1701 2231 pnrpu-

188 2253 328 2314 ratiS,
356 2250 542 2302 Sinano
567 2251 619 2300 id
631 2256 785 2300 totum
800 2256 1055 2316 acceptum
1068 2252 1275 2314 ferebat,
1292 2251 1522 2316 quicquid
1539 2250 1703 2299 damni

108 2384 111 2388 ,
188 2337 240 2385 111
277 2340 350 2385 101
388 2336 587 2385 arcibus
626 2336 840 2398 amissis,
879 2340 1117 2400 tantaque
1156 2341 1505 2386 veteranorum
1555 2351 1703 2385 manu

190 2419 386 2484 perdita
424 2419 717 2484 accepisset.
757 2419 1095 2469 Excruciabat
1127 2425 1289 2469 ectum
1329 2420 1539 2469 animum
1579 2419 1700 2480 eius,

192 2503 297 2552 dies
335 2508 482 2567 atque
532 2509 718 2565 nocteS,
761 2504 1069 2553 incredibilis
1109 2504 1487 2553 christianorum
1527 2504 1702 2552 ducum

193 2601 470 2648 successus,
487 2588 570 2651 qui
594 2593 696 2636 tam
721 2588 862 2637 brevi
887 2593 1124 2652 tempore,
1141 2592 1228 2649 tot,
1245 2603 1304 2636 ac
1319 2588 1443 2637 tanti
1470 2586 1702 2636 momenti

193 2684 349 2725 arces,
376 2685 483 2719 cum
520 2686 620 2720 non
658 2672 841 2735 exigua
868 2671 1127 2734 Vngariae
1167 2671 1369 2720 ditionis
1407 2675 1564 2735 parte,
1591 2685 1701 2733 pro-

191 2753 451 2819 pemodum
476 2754 584 2804 sine
613 2755 713 2805 ullo
740 2771 937 2805 suorum
965 2756 1140 2805 damno
1166 2759 1565 2820 recuperassent.

337 2837 482 2897 Quod
508 2853 567 2887 eo
593 2839 812 2901 gravius,
840 2840 1196 2903 molestiusque
1211 2839 1394 2888 Sinano
1424 2837 1699 2895 videbatur,

192 2921 321 2985 quod
346 2926 534 2970 tantam
572 2935 770 2970 suorum
809 2923 998 2972 cladem
1036 2923 1388 2988 propemodum
1428 2937 1455 2969 e
1484 2920 1700 2985 speculis

191 3005 436 3070 inspicere
464 3010 738 3068 cogeretur,
764 3022 855 3055 nec
881 3007 1047 3068 ullam,
1074 3008 1136 3055 iis
1164 3004 1523 3065 laborantibus,
1557 3019 1699 3069 opem

252 3110 407 3138 MONVM.
422 3108 542 3135 HVNG.
556 3108 657 3135 HIST.
671 3123 704 3127 —
719 3109 969 3136 SCRIP'rOREs.
982 3110 1075 3137 xvu.
1501 3098 1523 3141 7
