2112 3288
586 237 650 270 DF.
677 238 784 271 nnn.
811 237 923 272 vno..
950 237 1061 271 nno.
1078 236 1144 271 xl.
1171 239 1215 270 L.
1246 240 1276 273 1.
1609 210 1718 276 30'1.

209 355 338 419 quod
373 358 635 419 postquam
675 351 1022 416 sigismundus
1053 352 1292 417 Princeps
1331 354 1457 401 forte
1509 370 1535 402 e
1586 355 1715 404 vivis

207 437 468 500 excedens,
496 437 627 502 quod
641 437 780 486 Deus
807 440 1072 496 averteret,
1100 441 1183 486 aut
1208 437 1309 486 alia
1335 438 1501 500 aliqua
1515 438 1705 487 ratione

204 521 411 586 imperio
453 520 854 586 Transylvaniae
893 535 949 569 se
989 520 1309 581 abdicaverit,
1350 521 1570 584 plenarie
1611 536 1716 571 ces-

204 599 339 667 serit,
365 610 416 654 et
427 603 725 669 Imperatori
737 618 845 652 eam
865 603 1212 666 resignaverit,
1227 603 1292 652 ad
1316 603 1463 667 idque
1488 604 1707 654 universi

210 686 610 752 Transylvaniae
621 684 790 736 Status
805 683 1174 749 atqueOrdines
1190 685 1380 734 solenni
1389 685 1718 745 iureiurand0,

208 774 557 835 spontaneum,
595 769 822 829 liberum,
862 773 911 817 et
947 768 1243 818 benevolum
1281 769 1603 832 praebuerint
1641 784 1719 818 as-

210 865 408 903 sensum
427 857 575 913 :tum
600 852 879 917 Imperator
905 867 1098 916 quoque
1135 853 1245 917 ipse
1283 853 1334 901 in
1361 854 1719 916 gubernatione

210 935 610 1003 Transylvaniae
648 935 826 985 iisdem
864 935 1164 985 consiliariis
1213 940 1390 986 utetur.
1446 936 1719 1000 Privilegia

209 1020 387 1080 omnia,
425 1020 548 1080 iura,
587 1019 812 1080 ordines,
854 1020 1199 1080 immunitateS,
1239 1019 1514 1080 libertates,
1556 1023 1718 1069 status

210 1102 518 1163 donationes,
560 1108 609 1152 et
645 1103 839 1167 reliqua
878 1103 1039 1153 omnia
1074 1103 1374 1162 observabit,
1417 1119 1477 1153 ac
1502 1108 1613 1152 rata
1638 1104 1719 1154 fir-

206 1202 385 1252 maque
434 1187 652 1237 habebit.
738 1187 995 1237 Officiales
1061 1188 1356 1252 praecipuos
1431 1189 1717 1253 provinciae

205 1271 443 1335 Vngaros
480 1271 700 1321 habebit.
763 1271 1041 1335 Religionis
1086 1273 1338 1336 negotium
1377 1272 1426 1321 in
1467 1273 1719 1336 praesenti

213 1359 347 1405 statu
370 1355 509 1406 iuxta
536 1355 775 1406 articulos
806 1356 1108 1420 provinciae,
1149 1371 1207 1405 eo
1246 1362 1466 1421 tempore
1506 1371 1601 1420 quo
1642 1373 1716 1406 re-

204 1437 373 1503 belles
399 1443 514 1490 sunt
540 1439 864 1501 condemnati,
893 1445 943 1489 et
968 1440 1289 1503 sequentibus
1306 1438 1534 1498 Comitiis
1560 1455 1718 1504 usque

207 1522 272 1572 ad
294 1521 389 1573 hoc
425 1528 620 1587 tempus
659 1523 836 1586 editos,
862 1524 1121 1587 relinquet,
1159 1524 1307 1588 idque
1344 1525 1486 1589 ipsos
1525 1539 1717 1588 quoque

205 1606 430 1657 omnibus
475 1606 667 1657 viribus
717 1607 821 1657 suis
859 1608 1157 1673 Imperatori
1198 1609 1522 1657 consulturos.
1573 1608 1717 1657 Haec

204 1693 336 1743 ultro
375 1691 595 1758 citroque
633 1692 808 1754 iurata,
852 1708 910 1741 ac
946 1692 1162 1758 publicis
1202 1693 1388 1745 tabulis
1417 1693 1712 1754 consignata

205 1781 333 1839 sunt,
373 1781 523 1841 atque
559 1775 768 1826 Alberto
808 1774 1007 1840 Seuveg
1044 1776 1207 1840 Regio
1245 1776 1401 1826 ludici
1441 1775 1624 1826 Gibinii
1660 1776 1711 1824 in

111 1909 115 1912 ,
205 1860 422 1912 archivis
461 1858 773 1910 asservanda
810 1859 997 1908 tradita
1040 1859 1207 1920 fuere,
1257 1875 1355 1909 una
1395 1872 1513 1909 cum·
1536 1859 1710 1920 literis,

202 1959 328 2010 quas
355 1944 632 2009 Imperator
667 1943 787 1992 fidei
812 1943 1020 2006 Legatis
1046 1942 1304 1992 habendae
1331 1943 1497 2006 gratia
1523 1942 1588 1992 ad
1617 1941 1711 1991 Or-

203 2028 343 2078 dines
368 2027 587 2078 dederat.
642 2026 702 2075 In
739 2027 801 2075 iis
840 2026 1104 2089 significat,
1146 2042 1292 2090 quam
1332 2027 1574 2077 sollicitas
1601 2026 1710 2090 ipse

202 2127 310 2161 cum
338 2109 656 2174 Sigismundo
683 2109 916 2173 Principe
956 2110 1145 2173 aliquot
1169 2110 1267 2159 iam
1294 2110 1436 2159 annis
1464 2109 1704 2159 delibera-

201 2195 362 2246 tiones
388 2193 621 2244 habuerit
658 2194 719 2255 de
758 2194 918 2243 salute
953 2210 1024 2243 ac.
1050 2194 1384 2243 incolumitate
1422 2194 1566 2243 huius
1598 2210 1710 2258 pro-

206 2279 398 2329 vinciae
422 2278 749 2344 procuranda,
776 2278 911 2327 cuius
938 2278 1014 2327 rei
1039 2283 1092 2327 ut
1116 2278 1337 2327 firmiora
1360 2283 1566 2342 possent
1602 2278 1709 2327 fun·

202 2363 590 2429 damentaponi,
619 2368 785 2413 certas
807 2378 861 2412 se
889 2379 999 2413 cum
1027 2362 1344 2426 sigismundo
1371 2362 1601 2427 Principe
1629 2379 1707 2412 ra-

201 2448 363 2499 tiones
401 2447 636 2509 inivisse,
689 2453 738 2497 et
780 2448 841 2497 ad
881 2463 968 2497 eas
1007 2447 1362 2511 transigendas
1400 2447 1562 2511 plenis
1602 2462 1710 2495 cum

201 2531 446 2582 mandatis
471 2531 668 2595 legatos
694 2532 906 2593 misisse,
934 2532 1112 2595 quibus
1138 2537 1192 2581 ut
1217 2532 1361 2581 fidem
1386 2531 1619 2588 habeant,
1648 2530 1709 2579 de

203 2630 298 2680 que
335 2629 427 2665 sua
463 2615 514 2664 in
550 2616 853 2680 provinciam
889 2616 1194 2680 benignitate
1232 2621 1380 2679 atque
1419 2630 1537 2663 cura
1570 2629 1707 2677 spem

200 2700 434 2765 optimam
458 2699 673 2758 foveant,
699 2715 1004 2765 magnopere
1032 2701 1096 2750 ab
1115 2699 1387 2750 Ordinibus
1405 2697 1568 2759 Regni
1595 2711 1706 2745 con-

195 2784 415 2834 tendere.

766 2941 1047 2949 *Ἤ
