2112 3288
552 174 616 207 nn
641 170 747 205 REB.
774 169 886 205 vNG.
913 173 1023 207 nnc.
1042 175 1087 208 x.
1115 176 1160 207 L.
1188 177 1291 209 v111.
1517 201 1522 203 a
1591 162 1711 218 185,

191 298 309 358 isse,
349 300 399 346 et
435 292 631 344 iamiam
668 290 719 337 in
766 288 890 335 fines
929 287 1358 354 Transylvanicas
1397 292 1693 356 irrupturam

179 378 396 429 incertis
435 374 712 426 rumoribus
745 371 1078 431 nunciabatur,
1114 378 1162 421 et
1184 373 1430 422 exercitus
1454 373 1690 429 Caesaris

194 460 398 512 Turcici
421 456 619 508 immani
646 470 753 505 cum
779 459 1025 519 apparatu
1057 456 1108 504 in
1148 457 1535 522 Transalpinam
1575 446 1695 508 duce

192 543 410 594 Ferhato
436 543 601 591 Bassa
625 538 840 589 transire
867 540 1153 601 conabatur,
1181 540 1298 604 quin
1324 545 1374 589 et
1399 542 1565 590 Bassa
1600 542 1697 592 Τὸ-

190 625 558 685 mosvariensis,
587 623 773 673 coactis
801 627 910 672 octo
950 623 1146 673 circiter
1170 623 1389 677 millibus
1438 625 1699 684 hominum,

191 711 360 777 palam
398 708 622 772 Georgio
660 706 883 771 Borbely
916 707 1173 771 praefecto
1220 708 1548 772 Lugosiensis
1582 724 1700 762 orae

191 794 405 859 superbe
432 791 828 854 denunciaverat,
855 805 911 840 se
937 805 1130 854 quoque
1157 791 1221 840 ad
1238 790 1563 842 solennitates
1578 808 1694 857 nup-

195 879 376 928 tiarum
425 876 670 941 Principis
722 875 1049 925 celebrandas
1102 890 1193 940 pro
1256 876 1362 925 iure
1432 876 1700 926 vicinitatis

194 963 469 1013 affuturum.
512 959 605 1011 Cui
645 957 899 1023 Georgius
939 975 1001 1008 ex
1038 960 1233 1009 nomine
1274 975 1378 1020 su0,
1416 960 1701 1010 scommatis

191 1044 500 1095 occasionem
538 1048 738 1104 nactuS,
779 1043 973 1107 quando
1001 1043 1205 1093 Tonsor
1246 1045 1701 1107 cognominabatur,

191 1128 357 1178 missis
393 1128 583 1194 pariter
619 1127 886 1177 rusticanis
924 1128 1217 1191 quibusdam
1248 1128 1572 1178 internunciis
1600 1144 1702 1177 res-

195 1213 463 1278 ponderat,
526 1216 897 1276 expectaturum
948 1226 1004 1260 se
1068 1212 1262 1261 Bassae
1314 1212 1601 1270 adventum,
1654 1217 1703 1260 et

199 1310 322 1357 eum,
374 1310 482 1344 cum
531 1294 597 1343 sit
645 1294 754 1358 ipse
788 1294 1009 1355 Tonsor,
1049 1309 1145 1358 quo
1182 1295 1404 1344 mundior
1443 1294 1701 1359 comptior-

196 1394 292 1442 que
318 1378 383 1428 ad
407 1393 602 1427 sacrum
628 1378 848 1442 nuptiale
882 1377 1158 1438 accederet,
1199 1378 1393 1427 Bassae
1430 1378 1568 1442 prius
1608 1377 1698 1426 cri-

192 1477 283 1512 nes
321 1463 628 1512 abrasurum.
666 1461 908 1526 Princeps
946 1466 1020 1510 tot
1055 1461 1306 1526 tantisque
1343 1461 1475 1511 curis
1497 1460 1701 1510 distrac-

195 1552 288 1609 tus,
315 1561 626 1611 nequaquam
653 1545 865 1594 animum
892 1544 1295 1610 despondendum
1333 1550 1490 1606 ratus,
1529 1560 1701 1609 perac-

198 1630 264 1680 tis
290 1629 464 1692 obiter,
491 1629 561 1678 uti
587 1628 981 1688 memoravimus,
1007 1628 1208 1692 nuptiis,
1237 1626 1483 1677 Oibinium
1510 1627 1703 1676 visendi

196 1712 362 1776 gratia
389 1710 594 1761 Socrum
621 1710 836 1760 deduxit.
863 1711 983 1761 Mox
1009 1726 1116 1760 cum
1142 1726 1308 1760 rumor
1334 1710 1702 1761 adventantium

195 1796 531 1846 Barbarorum
556 1793 716 1858 magis
743 1799 892 1858 atque
925 1794 1086 1857 magis
1123 1794 1173 1842 in
1213 1793 1320 1843 dies
1357 1794 1701 1853 invalesceret,

197 1880 306 1930 sine
330 1895 470 1929 mora
493 1879 746 1928 reductam
770 1879 885 1928 inde
910 1880 1123 1928 Matrem
1160 1879 1521 1943 magnificeque
1555 1878 1704 1928 dona-

193 1969 309 2026 tam,
335 1963 710 2013 Thasnadinum
735 1977 891 2026 usque
917 1963 1176 2012 comitatus
1203 1968 1292 2012 est.
1320 1962 1444 2011 Inde
1469 1977 1703 2011 reversus

198 2047 370 2112 copias
406 2046 622 2110 undique
657 2046 915 2111 proposito
954 2046 1115 2095 edicto
1166 2045 1485 2095 severissime
1523 2045 1703 2095 Albam

198 2129 374 2179 Iuliam
401 2130 665 2180 convenire
699 2129 857 2179 iussit.
903 2130 1011 2179 Iam
1042 2144 1162 2178 vero
1191 2127 1445 2193 Georgius
1470 2130 1705 2193 Borbely,

201 2212 481 2262 admonitus
509 2229 540 2262 a
565 2212 796 2277 Principe
831 2217 884 2262 ut
922 2212 1123 2276 aliquod
1159 2213 1389 2262 fortunae
1426 2212 1700 2277 periculum

199 2297 403 2358 faceret,
430 2296 730 2346 Facziadum
758 2296 1038 2358 obsederat,
1070 2302 1120 2346 et
1143 2301 1197 2346 ut
1223 2311 1278 2345 se
1305 2295 1556 2357 dederent,
1594 2296 1707 2344 mis-

196 2380 268 2430 sis
293 2395 384 2445 pro
409 2395 546 2429 more
584 2380 1009 2442 caduceatoribus,
1048 2379 1409 2445 praesidiarios
1434 2383 1703 2428 monuerat.

197 2462 282 2512 Illi
307 2478 416 2512 cum
441 2463 644 2527 superbi
668 2463 877 2528 primum
914 2463 1094 2513 fiducia
1138 2462 1456 2512 adventantis
1495 2463 1704 2522 Bassae,

203 2546 287 2609 qui
333 2544 648 2596 iureiurando
699 2546 998 2611 promiserat
1033 2550 1276 2595 maturam
1313 2560 1370 2595 se
1409 2561 1552 2610 opem
1602 2544 1704 2593 illis

207 2627 496 2690 allaturum,
535 2629 830 2680 deditionem
882 2630 1014 2680 arcis
1051 2634 1385 2689 recusassent,
1426 2634 1475 2677 et
1511 2632 1703 2691 turpem

203 2711 475 2776 superioris
533 2714 748 2762 autumni
798 2714 1050 2778 repulsam
1101 2712 1286 2762 nostris
1352 2712 1707 2772 objectassent,

196 2794 397 2843 tandem
423 2793 742 2844 reformidato
768 2795 1014 2859 incendio,
1036 2795 1166 2859 quod
1204 2812 1235 2843 a
1271 2792 1456 2843 nostris
1496 2792 1705 2840 castello

195 2876 545 2938 intentabatur,
579 2876 750 2926 eiectis
776 2882 919 2926 extra
944 2877 1199 2942 pomoeria
1224 2876 1274 2923 in
1301 2873 1563 2923 deditionis
1602 2873 1703 2936 sig-

196 2973 311 3008 num
347 2958 510 3024 pileis,
547 2958 643 3010 hac
681 2959 955 3011 conditione
982 2975 1148 3009 arcem
1192 2955 1408 3007 Barbari
1444 2955 1709 3018 tradidere,
