2112 3288
427 189 497 239 48
990 205 1053 238 10.
1079 205 1212 239 DEOII
1237 205 1436 240 BARovn

430 320 679 370 senatorio
718 318 980 368 Pancratio
1019 318 1229 371 Senneio
1268 321 1332 370 ad
1355 321 1405 370 id
1440 319 1656 379 delect0,
1696 317 1832 368 claro
1870 322 1919 367 et

427 403 667 453 industrio
687 403 808 464 vir0,
823 402 988 452 datum
999 404 1246 466 negotium
1271 404 1373 467 fuit,
1389 407 1443 451 ut
1457 404 1800 470 perfuncturus
1824 401 1920 451 hoc

430 486 561 551 apud
585 485 819 535 Sinanum
843 500 1057 547 munere,
1083 487 1205 536 nihil
1231 502 1397 536 eorum
1421 486 1600 550 reliqui
1623 487 1842 543 faceret,
1868 486 1919 532 et

431 569 681 632 rogando,
716 573 764 617 et
788 569 1068 619 muneribus
1095 585 1154 619 ac
1178 569 1436 634 promissis
1463 585 1653 634 quoque
1677 567 1921 618 hominem

433 651 730 708 deliniendo,
757 652 933 717 quibus
960 653 1266 702 vacationem
1291 655 1352 703 ab
1378 654 1472 702 hac
1496 653 1694 712 militia,
1721 650 1803 700 vel
1827 651 1921 699 hoc

433 737 608 786 saltem
634 735 749 786 anni
773 740 992 800 tempore
1026 737 1159 785 bello
1198 736 1416 799 gerendo
1442 734 1760 795 incommodO,
1784 732 1922 782 Prin-

433 819 531 882 cipi
553 819 853 884 impetraret.
883 818 958 867 Ac
983 823 1036 867 ut
1063 820 1334 869 orationem
1358 819 1566 891 haberet
1579 818 1919 877 efficaciorem,

434 902 601 951 decem
625 902 779 951 millia
803 901 1103 963 tallerorum‚
1131 917 1257 965 quae
1279 901 1462 952 Sinano
1489 918 1595 952 cum
1621 902 1735 951 aliis
1759 914 1921 950 mune-

432 986 570 1035 ribus
596 984 836 1049 preicosis
852 985 1062 1044 offerret,
1079 985 1196 1034 data
1211 985 1256 1034 ei
1280 986 1434 1047 fuere,
1464 986 1654 1049 quibus,
1682 985 1726 1033 si
1750 986 1922 1048 optata

434 1069 496 1119 ab
531 1082 588 1116 eo
626 1072 1030 1130 consequeretur,
1076 1082 1174 1115 non
1200 1067 1498 1132 duplicatum
1535 1068 1775 1116 duntaxat
1813 1081 1923 1115 eum

434 1164 708 1210 numerum,
746 1150 834 1198 sed
858 1150 939 1198 vel
964 1149 1262 1213 triplicatum
1288 1151 1433 1200 etiam
1475 1151 1923 1216 superadiecturum

434 1249 548 1283 esse
573 1233 867 1297 Principem,
893 1233 1243 1297 pacisceretur.
1272 1235 1473 1283 Interim
1500 1251 1606 1284 cum
1632 1235 1742 1284 aliis
1775 1234 1921 1283 etiam

434 1321 608 1380 ageret
631 1315 945 1365 interioribus
984 1314 1155 1364 Sinani
1193 1316 1396 1376 amiciS‚
1431 1332 1616 1381 eosque
1653 1317 1794 1366 donis
1820 1330 1924 1365 cor-

435 1404 622 1463 ruptos,
650 1413 723 1459 eo,
749 1413 844 1461 quo
858 1399 1020 1459 vellet,
1047 1397 1259 1448 flectere
1274 1405 1547 1459 conaretur,
1564 1428 1634 1432 ——
1659 1415 1756 1449 non
1770 1399 1924 1459 donis,

437 1497 533 1531 non
557 1481 906 1546 largitionibus
932 1486 1175 1545 parceret,
1202 1483 1343 1530 modo
1370 1497 1477 1532 eam
1490 1499 1606 1546 rem,
1628 1483 1762 1532 cuius
1786 1486 1922 1532 tanto

439 1580 607 1615 omnes
636 1563 882 1614 desiderio
909 1569 1208 1626 tenerentur,
1236 1566 1330 1614 hac
1354 1566 1542 1616 ratione
1568 1567 1839 1631 perficeret.
1864 1568 1924 1617 In

438 1648 645 1697 comitiis
672 1652 833 1697 autem
849 1683 863 1707 ,
904 1663 1030 1711 quae
1057 1647 1244 1710 Albae,
1279 1654 1331 1699 ut
1357 1650 1406 1697 in
1431 1655 1569 1700 tanta
1593 1651 1666 1699 rei
1692 1651 1924 1710 novitate,

437 1731 563 1780 satis
601 1730 877 1793 frequentia
919 1730 1139 1792 fuerunt,
1177 1746 1320 1781 unum
1357 1733 1450 1782 hoc
1488 1734 1672 1783 cunctis
1705 1734 1927 1799 proposi-

437 1819 539 1864 tum
563 1814 654 1863 fuit
680 1813 745 1862 ad
769 1813 1161 1874 deliberandum,
1201 1816 1317 1881 quid
1353 1817 1403 1865 in
1427 1817 1549 1868 tanti
1587 1817 1707 1867 belli
1732 1817 1924 1876 ardore,

439 1897 840 1946 concurrentibus
877 1898 1004 1946 inter
1030 1913 1084 1947 se
1109 1898 1259 1948 totius
1297 1899 1524 1959 orientis,
1565 1901 1927 1964 occidentisque

440 1981 634 2046 opibus„
663 1980 1061 2045 Transylvaniae
1099 1982 1322 2046 populis,
1351 1983 1433 2045 qui
1459 2000 1489 2032 a
1508 1982 1777 2033 Solimanni
1802 1982 1924 2032 an-

440 2063 569 2125 saris
583 2064 885 2127 temporibus
901 2065 991 2113 sub
1008 2065 1281 2114 Turcarum
1307 2065 1512 2129 imperio
1531 2067 1763 2120 viverent,
1779 2082 1926 2130 agen-

441 2146 551 2195 dum
575 2146 837 2194 videretur.

918 2333 1151 2385 GAPVT
1191 2335 1237 2385 N
1241 2334 1453 2386 ONVM.

449 2439 631 2501 OratiO,
659 2448 702 2487 ct
727 2442 983 2491 sententiae
1009 2458 1183 2504 eoram,
1213 2445 1296 2504 qai
1325 2461 1356 2489 a
1388 2441 1585 2490 Tarcico
1612 2438 1823 2506 Imperio
1849 2460 1927 2492 ne-

690 2539 926 2587 quaquam
953 2522 1267 2586 deficiendum
1293 2540 1386 2571 esse
1411 2525 1678 2572 censebant.

539 2646 542 2650 ’
587 2627 811 2678 Comitiis
825 2628 974 2692 igitur
999 2629 1091 2678 rite
1117 2630 1394 2692 celebratis,
1417 2645 1584 2680 omnes
1599 2631 1808 2681 omnium
1821 2646 1928 2681 sen-

442 2712 625 2761 tentiae
650 2712 700 2760 in
725 2712 819 2761 duo
847 2711 1046 2761 diversa
1070 2711 1251 2760 abiere.
1291 2712 1526 2762 Nonnulli
1551 2714 1691 2781 enirn,
1718 2715 1930 2764 authori-

444 2796 537 2845 bus
571 2796 780 2844 maxime
820 2794 1106 2844 Alexandro
1145 2796 1370 2856 KendiO,
1411 2797 1680 2846 Francisco
1714 2797 1928 2858 KendiO,

443 2878 730 2942 Volfgango
757 2878 1096 2927 Kovachiocio
1123 2876 1449 2939 CancellariO,
1480 2880 1561 2943 qui
1587 2880 1834 2944 principes
1871 2896 1931 2929 ca

444 2967 735 3025 tempestate
763 2967 965 3010 senatus
990 2961 1245 3024 prudentia
1259 2962 1581 3024 habebantur,
1612 2963 1834 3011 omnibus
1860 2964 1928 3011 in-
