2112 3288
0 2354 6 2411 ὲ,

0 2418 11 2465 i

0 2468 16 2514 ἱ

527 218 591 250 DE
617 217 726 250 REB.
751 217 864 250 VNG.
893 218 1003 252 nnc,
1034 219 1079 252 x,
1107 219 1151 251 L.
1180 220 1226 252 x.
1501 200 1510 204 ”
1538 206 1640 258 273
1694 212 1698 216 '

134 338 320 398 posset,
346 333 615 382 coniunctis
642 333 830 382 viribus
863 333 1103 397 praelium
1130 349 1239 383 cum
1265 332 1487 384 Caesare
1518 336 1642 385 Tur-

137 417 241 466 cico
280 416 406 466 inire
445 417 639 466 omnino
682 417 867 466 statuit.
927 419 1103 480 ltaque
1142 417 1308 466 missis
1347 419 1460 467 aliis
1499 434 1647 484 super

136 500 264 552 alios
289 499 498 563 nunciis,
527 501 930 562 Maximilianum,
970 505 1023 550 ut
1050 506 1365 566 approperet,
1405 502 1643 563 hortatur,

137 590 187 636 et
225 601 462 651 proceres
501 585 788 650 Vngaricos
827 585 889 634 ad
924 585 1232 648 colligendas
1269 586 1383 635 hinc
1418 585 1530 635 inde
1569 602 1646 637 co-

138 669 249 735 pias
262 670 489 736 impellit3
516 671 694 735 quibus
719 671 869 720 rebus
896 671 1080 719 factum
1103 676 1193 732 est,
1219 676 1272 720 ut
1285 670 1647 736 Vngaricipro-

138 769 263 816 eres,
292 761 504 820 quantas
537 760 814 819 potuerunt,
843 755 1012 820 copias
1029 755 1092 804 ad
1120 753 1475 817 Szerencsium,
1513 757 1649 821 oppi—

139 839 251 890 dum
276 837 583 904 Sigismundi
612 839 864 901 Rakoczi,
894 844 1142 902 cogerent.
1182 840 1251 888 Et
1287 841 1396 905 ipse
1425 840 1648 890 Maximi-

138 924 301 974 lianus
327 924 502 990 copias
531 940 590 974 su
601 940 658 974 as
686 940 792 974 cum
821 924 1172 989 Transylvano
1200 925 1264 973 ad
1301 925 1651 975 Miskolcinum

148 1008 482 1060 coniunxerat.
522 1009 814 1059 Trahebant
839 1025 1003 1059 secum
1031 1007 1176 1058 CXX
1203 1015 1446 1059 tormenta
1471 1010 1651 1059 bellica

152 1110 212 1144 ac
234 1094 341 1144 XX
366 1095 522 1144 millia
549 1092 618 1160 (P)
646 1095 998 1160 quadrigarum
1030 1094 1080 1143 in
1129 1110 1270 1144 usum
1321 1095 1652 1144 circumdandi

145 1179 409 1229 exercitus.

425 1649 661 1701 OAPVT
701 1649 1027 1701 DECIMVM
1058 1650 1394 1702 TERTIVM.

144 1790 220 1841 De
240 1794 430 1859 praelio
461 1796 850 1846 Christianorum
888 1815 995 1846 cum
1032 1796 1240 1847 Caesare
1284 1798 1568 1859 Turoni-um,
1608 1807 1649 1847 et

365 1889 682 1946 utrarumque
702 1883 918 1945 partium
934 1880 1069 1947 fuya
1096 1892 1235 1946 atque
1261 1883 1411 1932 clade.

286 2025 555 2092 Postquam
581 2028 951 2077 Maximilianus
978 2034 1027 2077 et
1049 2026 1390 2091 Sigismundus
1405 2028 1645 2094 Princeps

142 2110 314 2176 copias
352 2111 721 2174 coniunxerunt,
752 2129 876 2177 quae
905 2113 967 2162 ad
981 2112 1073 2162 LV
1099 2112 1254 2161 millia
1280 2113 1542 2176 insigniter
1570 2129 1645 2163 ar-

147 2201 385 2247 matorum
435 2197 591 2248 fuisse
630 2204 875 2263 putantur,
916 2204 963 2247 et
1001 2198 1128 2246 alter
1154 2198 1298 2248 alteri
1335 2198 1646 2248 iureiurando

142 2295 256 2332 sese
281 2282 665 2343 obstrinxerunt,
683 2283 980 2333 Miskolcino
997 2283 1214 2346 digressi
1235 2283 1432 2332 obviam
1456 2283 1646 2332 Barba-

150 2366 222 2416 ris
245 2367 495 2433 progredi,
522 2383 581 2417 ac
594 2383 770 2417 manus
786 2383 892 2417 cum
919 2368 979 2415 iis
1009 2368 1232 2416 conferre
1253 2370 1542 2417 statuerunt.
1569 2369 1647 2417 Ita

152 2451 297 2502 XXI.
314 2452 531 2502 octobris
558 2453 826 2502 exercitum
840 2458 1200 2518 promoverunt,
1229 2457 1278 2501 et
1291 2452 1530 2518 postridie
1556 2451 1646 2499 eri-

147 2541 305 2586 cetum
343 2537 586 2602 quoddam
623 2539 823 2603 longum
863 2543 1009 2603 atque
1036 2537 1188 2587 latum
1214 2538 1412 2591 emensi,
1440 2536 1645 2600 Agriam

153 2621 520 2672 contenderunt.
534 2623 628 2671 Est
641 2638 738 2672 non
752 2625 924 2689 procul
938 2624 1001 2673 ab
1017 2622 1179 2687 Agria
1191 2638 1353 2688 pagus
1368 2623 1646 2671 Keresztes

151 2707 463 2772 appellatuS,
515 2713 654 2757 tanta
679 2724 959 2774 camporum
998 2708 1229 2774 planitie,
1256 2712 1308 2755 ut
1345 2707 1491 2754 facile
1530 2721 1645 2769 spa-

146 2791 265 2841 tium
316 2791 581 2841 dimicandi
647 2793 1005 2856 quantumlibet
1066 2791 1292 2841 maximis
1348 2789 1645 2838 exercitibus

147 2876 391 2941 praebere
415 2877 589 2942 possit.
625 2876 969 2928 Intersecabat
994 2891 1193 2941 campos
1232 2875 1344 2922 illos
1383 2873 1518 2922 rivus
1545 2874 1646 2937 qui-

148 2960 260 3009 dam
285 2976 539 3023 coenosus,
578 2965 627 3009 et
665 2961 736 3010 ita
761 2961 1008 3026 impeditis
1046 2961 1183 3025 ripis,
1211 2963 1263 3006 ut
1288 2958 1480 3006 nonnisi
1521 2957 1642 3005 diffi-

155 3044 312 3095 culter
363 3047 426 3095 ab
466 3045 712 3110 equitibus
759 3047 960 3095 transiri
998 3045 1172 3110 possit,
1209 3043 1345 3091 cuius
1393 3042 1644 3091 traiectum

183 3136 334 3165 HONVM.
354 3137 473 3164 HVNG.
494 3137 599 3166 1118'1‘.
619 3152 651 3155 —
671 3137 921 3164 SCRIPTORES.
942 3138 1027 3164 XVII
1446 3136 1499 3179 18
