2112 3288
567 172 631 204 m:
658 171 766 205 REB.
803 171 915 204 vno:
946 172 1056 204 11116.
1086 172 1132 204 x.
1161 173 1205 205 L.
1235 174 1313 206 vn.
1515 201 1521 204 .
1608 159 1710 218 155

205 287 820 348 Romanus,Florentinus,
850 287 1194 336 Ferrariensis
1222 294 1270 336 et
1296 290 1613 350 Mantuanus,
1631 292 1712 353 q'ui

203 370 463 436 Principes
512 371 738 434 quamvis
790 376 933 420 extra
983 370 1371 420 iurisdietionem
1409 372 1611 437 Imperii
1650 388 1704 421 se

202 454 495 505 constitutos
521 454 715 515 ducant,
742 455 928 504 auxilia
954 460 1119 505 tamen
1144 456 1193 505 in
1210 471 1512 506 communem
1539 455 1711 504 Chris-

201 537 367 588 tianae
415 538 720 604 reipublicae
769 554 911 589 usum
938 554 996 588 eo
1023 539 1219 603 quidem
1244 544 1466 605 tempore
1506 539 1702 604 prolixe

201 636 263 672 ae
285 620 501 672 fideliter
528 623 852 673 contulerunt.

817 797 1095 805 ——----——-

651 1003 884 1054 OAPVT
924 1002 1268 1055 DECIMVM.

280 1136 357 1184 De
412 1135 631 1186 C‘omitz'is
669 1136 930 1197 Polom’cz‘S,
982 1153 1041 1184 ac
1094 1138 1383 1186 tractatione
1423 1136 1480 1186 de
1521 1136 1638 1185 bello

750 1220 953 1270 Turcico
990 1221 1169 1271 habita.

347 1376 538 1428 Habita
564 1383 680 1428 sunt
705 1377 839 1428 eirea
862 1376 992 1428 idem
1016 1383 1212 1444 tempus
1238 1395 1408 1430 mense
1435 1380 1713 1431 Februario

205 1458 418 1513 Comitia
448 1479 480 1513 a
511 1463 717 1512 Polonis
748 1461 1043 1524 cracoviae,
1070 1463 1120 1512 in
1146 1464 1325 1527 quibus
1351 1465 1623 1531 praecipua
1650 1465 1711 1514 de

202 1546 338 1597 bello
364 1545 609 1596 adversus
637 1547 835 1596 Tureas
862 1545 1136 1596 coniunctis
1160 1562 1273 1596 611111
1287 1548 1595 1613 Imperatore
1608 1549 1709 1598 aui-

203 1632 297 1682 mis
333 1637 386 1681 et
421 1630 574 1682 armis
611 1630 830 1695 gerendo
869 1631 964 1680 fuit
987 1629 1294 1681 deliberatio.
1322 1633 1534 1684 Miserat
1585 1634 1714 1684 enim

207 1720 358 1767 antea
416 1716 695 1781 Imperator
755 1715 818 1764 ad
868 1714 1088 1765 Polonos
1138 1716 1463 1780 legationem,
1528 1733 1713 1783 eosque

210 1799 390 1851 obnixe
416 1805 664 1863 oraverat,
690 1805 743 1850 ut
770 1804 820 1849 et
854 1799 953 1865 ipsi
985 1800 1168 1849 bellum
1192 1800 1243 1849 in
1270 1802 1465 1852 Tureas
1498 1802 1714 1867 suscipe-

203 1890 327 1947 rent,
379 1889 428 1935 et
465 1884 679 1935 vicinum
718 1884 995 1950 perieulum
1030 1883 1306 1935 coniunctis
1335 1886 1486 1936 armis
1512 1885 1713 1952 propul-

205 1974 390 2020 sarent.
419 1968 501 2018 Ad
525 1969 651 2019 haee
675 1968 985 2018 Zamoiseius
1013 1965 1371 2028 Cancellarius,
1412 1975 1462 2019 et
1487 1970 1573 2019 alii
1599 1987 1713 2021 non-

204 2053 327 2104 nulli
339 2054 658 2104 vehementer
666 2052 926 2102 admodum
942 2052 1275 2117 disputabant,
1290 2070 1464 2118 paoem
1477 2055 1603 2105 inter
1620 2055 1711 2105 Po-

208 2137 354 2195 lonos
369 2142 419 2187 et
439 2138 635 2187 Tureas
665 2136 1065 2198 haereditariam,
1093 2152 1222 2201 quae
1234 2138 1332 2187 iam
1346 2138 1714 2190 LXXVannos

206 2221 443 2285 religiose
481 2222 614 2271 culta
654 2225 804 2285 esset,
848 2220 1082 2286 deinceps
1122 2221 1271 2271 etiam
1304 2222 1483 2272 violari
1507 2238 1605 2273 non
1633 2223 1714 2275 de-

206 2308 327 2358 bere
348 2325 359 2356 :
384 2311 434 2356 et
459 2322 569 2356 oum
593 2321 720 2372 paee
747 2305 844 2355 frui
871 2304 1033 2366 lieeat,
1059 2320 1154 2357 non
1176 2312 1362 2356 temere
1388 2306 1572 2357 bellum
1611 2323 1708 2357 non

207 2391 544 2442 necessarium
569 2391 767 2456 patriae
794 2389 1139 2440 attrahendum
1165 2391 1337 2441 videri.
1361 2391 1464 2441 Alii
1478 2392 1712 2453 vicissim,

210 2476 293 2541 qui
318 2475 595 2527 Christiani
622 2476 834 2525 nominis
862 2475 1188 2526 studiosiores
1216 2482 1371 2539 erant,
1411 2494 1556 2542 quam
1583 2478 1713 2527 Tur-

212 2559 317 2619 eiei,
375 2561 675 2611 eontrarium
726 2561 1026 2622 statuebant,
1067 2577 1272 2627 eumque
1310 2567 1411 2612 tam
1437 2563 1714 2628 proximum

211 2643 482 2709 perieulum
506 2644 701 2709 patriae
728 2661 759 2694 a
778 2644 984 2710 perfidis
998 2645 1241 2696 Barbaris
1267 2647 1553 2707 immineret,
1576 2662 1714 2695 arma

213 2743 320 2778 eum
346 2727 552 2792 reliquis
578 2728 880 2780 Christianis
907 2729 1225 2796 Principibus
1246 2730 1589 2795 coniungenda
1603 2746 1713 2779 6611-

212 2812 402 2872 sebant,
452 2813 747 2876 praesertim
798 2829 907 2864 611111
956 2819 1058 2864 16111
1096 2830 1249 2880 saepe
1281 2815 1501 2864 Barbari
1539 2815 1713 2865 foedus

211 2895 336 2947 illud
360 2895 525 2945 multis
569 2896 726 2947 modis
765 2897 1013 2958 violarint,
1068 2915 1127 2948 ao
1156 2900 1364 2949 devietis
1393 2897 1708 2960 Christianis,

211 2997 274 3035 ne
299 2979 505 3030 Polonis
542 2980 738 3047 quidem
777 2982 974 3033 Tureae
1008 2988 1156 3049 atque
1197 2984 1400 3034 Tartari
1439 2984 1584 3035 fidem
1610 2999 1711 3034 ser-
