2112 3288
515 200 578 231 m:
604 198 710 231 ΗΕΒ.
739 197 851 231 VNG.
881 196 990 229 nuc,
1019 196 1063 231 Χ,
1090 197 1132 229 L.
1162 197 1225 231 lx.
1270 241 1274 245 q
1494 182 1620 233 *203
1688 211 1691 215 ·

130 322 207 368 set
230 316 398 384 copiiS,
425 314 832 380 Transalpinensi
846 329 901 363 se
915 313 1244 378 coniungeret,
1272 319 1320 363 et
1333 315 1600 366 coniunctis

130 419 238 455 cum
262 417 322 454 eo
335 400 551 452 consiliis
574 399 768 450 fortiter
792 415 896 449 rem
921 402 1092 448 contra
1104 397 1357 448 Barbaros
1372 400 1601 450 adminis-

130 491 298 540 traret.
346 488 400 537 Is
431 490 632 551 accepto
670 484 913 550 Principis
952 483 1187 534 mandato
1229 484 1488 534 confestim
1527 485 1621 534 iter

131 570 437 636 aggreditur,
463 585 666 635 cumque
690 573 827 619 recta
853 569 916 619 ob
942 572 1121 618 metum
1162 566 1486 618 Tartarorum
1511 584 1624 634 pro-

129 655 285 706 ficisci
320 670 416 705 non
453 659 650 721 posset,
690 668 865 704 versus
904 654 1027 702 fines
1067 652 1193 701 Trar
1210 651 1469 717 sylvaniae
1511 667 1622 702 con-

132 739 301 790 tendit.
340 739 400 789 Id
425 739 535 789 dum
563 739 759 800 factum,
787 753 901 787 ecce
928 736 1170 802 quaedam
1188 735 1488 786 Polonorum
1526 753 1625 786 ma-

134 839 225 875 nus
264 824 311 874 ei
349 824 573 886 occurrit,
614 838 710 888 qua
738 858 981 871 .......
1020 821 1166 886 pulsa
1192 818 1437 870 Coronam
1463 822 1629 886 appel-

131 908 209 972 lit,
236 907 494 975 solutoque
522 909 592 958 ibi
615 908 849 958 militibus
865 906 1109 972 stipendio
1135 906 1186 955 in
1200 910 1366 955 castra
1379 904 1626 971 Principis

132 994 196 1045 ad
220 1009 383 1045 arcem
408 994 706 1046 Barcensem
731 998 845 1044 tunc
871 993 1037 1059 posita
1063 1007 1118 1042 se
1145 991 1360 1042 contulit.

758 1175 1027 1183 ----——-—-

568 1345 800 1398 CAPVT
842 1345 1184 1408 QUINTVM,

178 1468 258 1518 De
284 1478 520 1533 occupata
548 1488 578 1517 a
605 1469 808 1518 Polonis
833 1469 1098 1529 Moldavia,
1127 1485 1185 1517 ac
1210 1468 1364 1518 literis
1397 1468 1569 1518 Chamz'

442 1553 762 1602 Tartarorum
791 1556 858 1602 ad
882 1553 1056 1620 Reyem
1084 1553 1332 1604 Poloniae.

273 1671 458 1724 Audita
491 1673 706 1725 Palatini
744 1676 1048 1740 profectione
1082 1677 1164 1725 Ioa
1179 1690 1301 1726 nnes
1328 1674 1631 1724 Zamoiscius

128 1758 365 1809 Poloniae
392 1756 748 1822 Cancellarius,
775 1777 834 1810 ac
861 1776 1075 1811 summus
1102 1761 1357 1826 copiarum
1382 1759 1493 1820 dux,
1529 1775 1629 1808 ma-

127 1859 226 1909 gno
251 1843 454 1894 militum
478 1861 690 1895 numero
716 1846 766 1895 in
791 1846 1000 1897 Podolia
1025 1851 1211 1900 coacto,
1241 1861 1386 1910 quum
1414 1844 1632 1909 Principi

132 1927 445 1993 Sigismundo
471 1930 715 1996 privatam
756 1932 817 1980 ob
858 1946 1058 1981 causam
1082 1931 1436 1994 indignaretur,
1475 1929 1630 1979 inscio

131 2012 255 2077 ipso,
280 2013 350 2063 uti
375 2019 550 2079 postea
575 2014 847 2065 dictitatum
873 2020 962 2076 est,
991 2016 1131 2078 Rege
1159 2016 1211 2064 in
1237 2014 1540 2065 Moldaviam
1566 2013 1630 2061 ir-

132 2097 323 2162 rumpit,
351 2103 693 2164 occupataque
719 2115 808 2164 per
822 2099 1095 2148 absentiam
1111 2097 1351 2163 Stephani
1373 2097 1633 2162 Vajvodae

134 2180 414 2246 provincia,
477 2183 737 2232 Ieremiam
789 2183 835 2232 ei
894 2183 1034 2232 titulo
1086 2182 1305 2233 Palatini
1367 2182 1632 2242 substituit,

134 2280 339 2331 eumque
376 2266 430 2315 in
464 2262 756 2332 obsequium
802 2267 1039 2317 Poloniae
1075 2268 1240 2318 iuraxe
1280 2267 1424 2331 cogit.
1462 2267 1541 2316 Ea
1578 2283 1632 2316 re

133 2350 331 2414 cognita
357 2349 575 2412 Tartari,
617 2351 700 2416 qui
739 2352 801 2401 ab
840 2353 1146 2417 Imperatore
1185 2352 1464 2403 Turcarum
1502 2367 1633 2400 man-

133 2435 297 2485 datum
326 2435 386 2486 de
411 2435 642 2486 Palatino
670 2436 966 2486 instituendo
1006 2441 1317 2501 acceperunt,
1357 2437 1405 2485 in
1444 2437 1631 2486 Molda-

0 2565 3 2570 .
87 2587 92 2591 μ
133 2519 262 2569 viam
287 2520 397 2585 pari
422 2521 528 2571 iure
553 2521 837 2587 irrumpunt,
870 2528 1041 2572 etcum
1056 2522 1256 2572 Polonis
1283 2521 1471 2586 aliquot
1494 2537 1634 2586 prae-

133 2604 264 2654 liolis
294 2606 569 2669 congressi,
596 2606 794 2656 tandem
821 2607 1043 2657 instituto
1071 2607 1321 2671 colloquio
1347 2606 1633 2671 promittunt

136 2688 413 2739 Zamoiscio
448 2705 502 2739 se
538 2691 668 2740 intra
706 2691 915 2742 triduum
944 2709 1004 2742 ex
1030 2692 1284 2743 Moldavia
1311 2692 1633 2750 discessurOS,

135 2772 277 2822 modo
304 2773 632 2838 provinciales
659 2776 945 2840 obsequium
961 2776 1139 2826 Turcis
1165 2793 1213 2841 pi
1230 2779 1493 2826 aestarent.
1523 2773 1634 2834 Qua

136 2857 197 2906 de
256 2871 310 2905 re
362 2857 626 2908 Kazikirei
677 2857 891 2910 Chamus
944 2861 1267 2911 Tartarorum
1324 2860 1385 2908 ad
1441 2859 1632 2921 Regem

136 2940 374 2993 Poloniae
423 2947 536 3006 post
585 2942 814 2993 humilem
863 2945 1039 2995 frontis
1073 2945 1446 2995 inclinationem
1500 2958 1633 2993 more

135 3025 297 3090 gentis
337 3029 562 3090 delatam,
609 3027 906 3092 significans,
954 3031 1134 3095 inquit,
1181 3027 1428 3093 imprimis
1469 3025 1629 3076 Aaro-
