<?xml version="1.0" encoding="UTF-8"?>
<!DOCTYPE html PUBLIC "-//W3C//DTD XHTML 1.0 Transitional//EN"
    "http://www.w3.org/TR/xhtml1/DTD/xhtml1-transitional.dtd">
<html xmlns="http://www.w3.org/1999/xhtml" xml:lang="en" lang="en">
 <head>
  <title>
</title>
<meta http-equiv="Content-Type" content="text/html;charset=utf-8" />
  <meta name='ocr-system' content='tesseract 3.04.00' />
  <meta name='ocr-capabilities' content='ocr_page ocr_carea ocr_par ocr_line ocrx_word'/>
</head>
<body>
  <div class='ocr_page' id='page_1' title='image "./baronyaidecsij00deciuoft_0294.png"; bbox 0 0 2112 3288; ppageno 0'>
   <div class='ocr_carea' id='block_1_1' title="bbox 443 197 1425 251">
    <p class='ocr_par' dir='ltr' id='par_1_1' title="bbox 443 197 1425 251">
     <span class='ocr_line' id='line_1_1' title="bbox 443 197 1425 251; baseline 0.004 -5"><span class='ocrx_word' id='word_1_1' title='bbox 443 197 544 247; x_wconf 80' lang='lat'>210</span> <span class='ocrx_word' id='word_1_2' title='bbox 976 216 1040 249; x_wconf 88' lang='lat'>10.</span> <span class='ocrx_word' id='word_1_3' title='bbox 1069 216 1202 249; x_wconf 76' lang='lat' dir='ltr'>Dnon</span> <span class='ocrx_word' id='word_1_4' title='bbox 1230 217 1425 251; x_wconf 77' lang='lat' dir='ltr'>BARovn</span> 
     </span>
    </p>
   </div>
   <div class='ocr_carea' id='block_1_2' title="bbox 427 328 1938 3073">
    <p class='ocr_par' dir='ltr' id='par_1_2' title="bbox 427 328 1938 3073">
     <span class='ocr_line' id='line_1_2' title="bbox 438 328 1924 398; baseline 0.005 -21"><span class='ocrx_word' id='word_1_5' title='bbox 438 328 737 392; x_wconf 78' lang='lat' dir='ltr'><strong>inposterum</strong></span> <span class='ocrx_word' id='word_1_6' title='bbox 776 346 967 395; x_wconf 91' lang='lat' dir='ltr'>quoque</span> <span class='ocrx_word' id='word_1_7' title='bbox 1005 337 1103 380; x_wconf 88' lang='lat' dir='ltr'>tam</span> <span class='ocrx_word' id='word_1_8' title='bbox 1129 332 1239 397; x_wconf 90' lang='lat' dir='ltr'>ipsi,</span> <span class='ocrx_word' id='word_1_9' title='bbox 1274 349 1416 397; x_wconf 90' lang='lat' dir='ltr'>quam</span> <span class='ocrx_word' id='word_1_10' title='bbox 1441 333 1656 398; x_wconf 90' lang='lat' dir='ltr'>ipsorum</span> <span class='ocrx_word' id='word_1_11' title='bbox 1682 334 1924 384; x_wconf 88' lang='lat' dir='ltr'>haeredes</span> 
     </span>
     <span class='ocr_line' id='line_1_3' title="bbox 436 413 1924 480; baseline 0.005 -20"><span class='ocrx_word' id='word_1_12' title='bbox 436 413 737 476; x_wconf 72' lang='lat' dir='ltr'>possideant.</span> <span class='ocrx_word' id='word_1_13' title='bbox 780 413 918 475; x_wconf 77' lang='lat' dir='ltr'>Quae</span> <span class='ocrx_word' id='word_1_14' title='bbox 945 420 1104 464; x_wconf 90' lang='lat' dir='ltr'>autem</span> <span class='ocrx_word' id='word_1_15' title='bbox 1129 416 1551 480; x_wconf 83' lang='lat' dir='ltr'>impignorationis</span> <span class='ocrx_word' id='word_1_16' title='bbox 1577 418 1716 466; x_wconf 93' lang='lat' dir='ltr'>titulo</span> <span class='ocrx_word' id='word_1_17' title='bbox 1743 418 1924 468; x_wconf 88' lang='lat' dir='ltr'>habue-</span> 
     </span>
     <span class='ocr_line' id='line_1_4' title="bbox 434 499 1926 565; baseline 0.004 -22"><span class='ocrx_word' id='word_1_18' title='bbox 434 500 547 544; x_wconf 86' lang='lat' dir='ltr'>runt</span> <span class='ocrx_word' id='word_1_19' title='bbox 583 512 642 546; x_wconf 92' lang='lat' dir='ltr'>ea</span> <span class='ocrx_word' id='word_1_20' title='bbox 679 512 833 562; x_wconf 92' lang='lat' dir='ltr'>usque</span> <span class='ocrx_word' id='word_1_21' title='bbox 872 499 936 548; x_wconf 92' lang='lat' dir='ltr'>ad</span> <span class='ocrx_word' id='word_1_22' title='bbox 961 503 1164 563; x_wconf 75' lang='lat' dir='ltr'>tempuS,</span> <span class='ocrx_word' id='word_1_23' title='bbox 1205 500 1445 549; x_wconf 83' lang='lat' dir='ltr'>duntaxat</span> <span class='ocrx_word' id='word_1_24' title='bbox 1469 500 1815 565; x_wconf 83' lang='lat' dir='ltr'>redemptionis</span> <span class='ocrx_word' id='word_1_25' title='bbox 1842 500 1926 549; x_wconf 87' lang='lat' dir='ltr'>ha-</span> 
     </span>
     <span class='ocr_line' id='line_1_5' title="bbox 433 578 1924 648; baseline 0.005 -21"><span class='ocrx_word' id='word_1_26' title='bbox 433 579 595 629; x_wconf 84' lang='lat' dir='ltr'>beant.</span> <span class='ocrx_word' id='word_1_27' title='bbox 638 578 817 630; x_wconf 84' lang='lat' dir='ltr'>Cetera</span> <span class='ocrx_word' id='word_1_28' title='bbox 844 578 1030 642; x_wconf 76' lang='lat' dir='ltr'>&#39;autem,</span> <span class='ocrx_word' id='word_1_29' title='bbox 1066 597 1190 645; x_wconf 90' lang='lat' dir='ltr'>quae</span> <span class='ocrx_word' id='word_1_30' title='bbox 1227 598 1318 647; x_wconf 92' lang='lat' dir='ltr'>per</span> <span class='ocrx_word' id='word_1_31' title='bbox 1355 584 1452 631; x_wconf 90' lang='lat' dir='ltr'>vim</span> <span class='ocrx_word' id='word_1_32' title='bbox 1478 589 1813 648; x_wconf 79' lang='lat' dir='ltr'>occupassent,</span> <span class='ocrx_word' id='word_1_33' title='bbox 1841 589 1924 635; x_wconf 91' lang='lat' dir='ltr'>aut</span> 
     </span>
     <span class='ocr_line' id='line_1_6' title="bbox 436 658 1920 727; baseline 0.004 -15"><span class='ocrx_word' id='word_1_34' title='bbox 436 663 608 726; x_wconf 89' lang='lat' dir='ltr'>quovis</span> <span class='ocrx_word' id='word_1_35' title='bbox 636 665 731 713; x_wconf 90' lang='lat' dir='ltr'>alio</span> <span class='ocrx_word' id='word_1_36' title='bbox 771 665 933 714; x_wconf 91' lang='lat' dir='ltr'>colore</span> <span class='ocrx_word' id='word_1_37' title='bbox 972 665 1066 714; x_wconf 91' lang='lat' dir='ltr'>sibi</span> <span class='ocrx_word' id='word_1_38' title='bbox 1105 666 1467 727; x_wconf 77' lang='lat' dir='ltr'>vendicassent,</span> <span class='ocrx_word' id='word_1_39' title='bbox 1496 668 1822 718; x_wconf 90' lang='lat' dir='ltr'>communitati</span> <span class='ocrx_word' id='word_1_40' title='bbox 1847 658 1920 718; x_wconf 85' lang='lat' dir='ltr'>re·</span> 
     </span>
     <span class='ocr_line' id='line_1_7' title="bbox 435 746 1922 818; baseline 0.006 -23"><span class='ocrx_word' id='word_1_41' title='bbox 435 746 639 798; x_wconf 90' lang='lat' dir='ltr'>stituere</span> <span class='ocrx_word' id='word_1_42' title='bbox 664 755 935 799; x_wconf 88' lang='lat' dir='ltr'>teneantur.</span> <span class='ocrx_word' id='word_1_43' title='bbox 982 748 1326 800; x_wconf 82' lang='lat' dir='ltr'>Communibus</span> <span class='ocrx_word' id='word_1_44' title='bbox 1364 756 1526 801; x_wconf 88' lang='lat' dir='ltr'>tamen</span> <span class='ocrx_word' id='word_1_45' title='bbox 1562 753 1704 803; x_wconf 90' lang='lat' dir='ltr'>bonis</span> <span class='ocrx_word' id='word_1_46' title='bbox 1730 754 1922 818; x_wconf 89' lang='lat' dir='ltr'>utrique</span> 
     </span>
     <span class='ocr_line' id='line_1_8' title="bbox 435 833 1922 903; baseline 0.005 -24"><span class='ocrx_word' id='word_1_47' title='bbox 435 847 589 895; x_wconf 90' lang='lat' dir='ltr'>aequo</span> <span class='ocrx_word' id='word_1_48' title='bbox 645 834 748 884; x_wconf 91' lang='lat' dir='ltr'>iure</span> <span class='ocrx_word' id='word_1_49' title='bbox 797 835 866 884; x_wconf 92' lang='lat' dir='ltr'>uti</span> <span class='ocrx_word' id='word_1_50' title='bbox 918 841 1111 898; x_wconf 89' lang='lat' dir='ltr'>queant.</span> <span class='ocrx_word' id='word_1_51' title='bbox 1166 837 1223 884; x_wconf 90' lang='lat' dir='ltr'>In</span> <span class='ocrx_word' id='word_1_52' title='bbox 1260 835 1400 884; x_wconf 89' lang='lat' dir='ltr'>bonis</span> <span class='ocrx_word' id='word_1_53' title='bbox 1439 841 1598 885; x_wconf 90' lang='lat' dir='ltr'>autem</span> <span class='ocrx_word' id='word_1_54' title='bbox 1633 833 1702 902; x_wconf 93' lang='lat' dir='ltr'>(ut</span> <span class='ocrx_word' id='word_1_55' title='bbox 1727 834 1922 903; x_wconf 91' lang='lat' dir='ltr'>vocant)</span> 
     </span>
     <span class='ocr_line' id='line_1_9' title="bbox 433 917 1924 985; baseline 0.003 -19"><span class='ocrx_word' id='word_1_56' title='bbox 433 917 624 966; x_wconf 88' lang='lat' dir='ltr'>ustione</span> <span class='ocrx_word' id='word_1_57' title='bbox 652 917 889 981; x_wconf 78' lang='lat' dir='ltr'>aquisitiS,</span> <span class='ocrx_word' id='word_1_58' title='bbox 917 919 965 966; x_wconf 90' lang='lat' dir='ltr'>in</span> <span class='ocrx_word' id='word_1_59' title='bbox 993 918 1191 967; x_wconf 89' lang='lat' dir='ltr'>decimis</span> <span class='ocrx_word' id='word_1_60' title='bbox 1226 918 1340 967; x_wconf 90' lang='lat' dir='ltr'>item</span> <span class='ocrx_word' id='word_1_61' title='bbox 1356 935 1617 983; x_wconf 88' lang='lat' dir='ltr'>earumque</span> <span class='ocrx_word' id='word_1_62' title='bbox 1629 921 1924 985; x_wconf 89' lang='lat' dir='ltr'>pecuniariis</span> 
     </span>
     <span class='ocr_line' id='line_1_10' title="bbox 434 998 1922 1076; baseline 0.003 -26"><span class='ocrx_word' id='word_1_63' title='bbox 434 1000 848 1064; x_wconf 88' lang='lat' dir='ltr'>redemptionibus</span> <span class='ocrx_word' id='word_1_64' title='bbox 892 998 1036 1065; x_wconf 87' lang='lat' dir='ltr'>(quae</span> <span class='ocrx_word' id='word_1_65' title='bbox 1074 1001 1207 1066; x_wconf 91' lang='lat' dir='ltr'>apud</span> <span class='ocrx_word' id='word_1_66' title='bbox 1249 1016 1334 1051; x_wconf 89' lang='lat' dir='ltr'>eos</span> <span class='ocrx_word' id='word_1_67' title='bbox 1385 1003 1632 1067; x_wconf 91' lang='lat' dir='ltr'>capetriae</span> <span class='ocrx_word' id='word_1_68' title='bbox 1670 1007 1922 1076; x_wconf 88' lang='lat' dir='ltr'>vocantur)</span> 
     </span>
     <span class='ocr_line' id='line_1_11' title="bbox 433 1084 1922 1149; baseline 0.004 -17"><span class='ocrx_word' id='word_1_69' title='bbox 433 1084 621 1148; x_wconf 88' lang='lat' dir='ltr'>patrius</span> <span class='ocrx_word' id='word_1_70' title='bbox 656 1084 871 1149; x_wconf 90' lang='lat' dir='ltr'>ipsorum</span> <span class='ocrx_word' id='word_1_71' title='bbox 908 1100 1014 1133; x_wconf 91' lang='lat' dir='ltr'>mos</span> <span class='ocrx_word' id='word_1_72' title='bbox 1055 1090 1102 1133; x_wconf 89' lang='lat' dir='ltr'>et</span> <span class='ocrx_word' id='word_1_73' title='bbox 1142 1100 1384 1149; x_wconf 88' lang='lat' dir='ltr'>praesens</span> <span class='ocrx_word' id='word_1_74' title='bbox 1422 1087 1717 1136; x_wconf 89' lang='lat' dir='ltr'>consuetudo</span> <span class='ocrx_word' id='word_1_75' title='bbox 1756 1089 1922 1138; x_wconf 89' lang='lat' dir='ltr'>obser-</span> 
     </span>
     <span class='ocr_line' id='line_1_12' title="bbox 434 1169 1922 1236; baseline 0.003 -19"><span class='ocrx_word' id='word_1_76' title='bbox 434 1172 588 1217; x_wconf 88' lang='lat' dir='ltr'>vetur.</span> <span class='ocrx_word' id='word_1_77' title='bbox 629 1169 838 1232; x_wconf 89' lang='lat' dir='ltr'>Insuper</span> <span class='ocrx_word' id='word_1_78' title='bbox 862 1174 914 1217; x_wconf 93' lang='lat' dir='ltr'>ut</span> <span class='ocrx_word' id='word_1_79' title='bbox 951 1170 1137 1233; x_wconf 90' lang='lat' dir='ltr'>templa</span> <span class='ocrx_word' id='word_1_80' title='bbox 1172 1173 1220 1217; x_wconf 92' lang='lat' dir='ltr'>et</span> <span class='ocrx_word' id='word_1_81' title='bbox 1245 1171 1541 1219; x_wconf 88' lang='lat' dir='ltr'>monasteria</span> <span class='ocrx_word' id='word_1_82' title='bbox 1578 1171 1628 1219; x_wconf 91' lang='lat' dir='ltr'>in</span> <span class='ocrx_word' id='word_1_83' title='bbox 1665 1171 1922 1236; x_wconf 91' lang='lat' dir='ltr'>pristinum</span> 
     </span>
     <span class='ocr_line' id='line_1_13' title="bbox 434 1252 1923 1319; baseline 0.003 -19"><span class='ocrx_word' id='word_1_84' title='bbox 434 1256 614 1301; x_wconf 90' lang='lat' dir='ltr'>statum</span> <span class='ocrx_word' id='word_1_85' title='bbox 652 1252 949 1315; x_wconf 74' lang='lat' dir='ltr'>redigantur,</span> <span class='ocrx_word' id='word_1_86' title='bbox 994 1268 1052 1301; x_wconf 90' lang='lat' dir='ltr'>ac</span> <span class='ocrx_word' id='word_1_87' title='bbox 1088 1253 1325 1317; x_wconf 88' lang='lat' dir='ltr'>imprimis</span> <span class='ocrx_word' id='word_1_88' title='bbox 1363 1255 1519 1303; x_wconf 90' lang='lat' dir='ltr'>cultus</span> <span class='ocrx_word' id='word_1_89' title='bbox 1547 1255 1734 1319; x_wconf 77' lang='lat' dir='ltr'>&#39;ubique</span> <span class='ocrx_word' id='word_1_90' title='bbox 1773 1256 1923 1305; x_wconf 88' lang='lat' dir='ltr'>divini</span> 
     </span>
     <span class='ocr_line' id='line_1_14' title="bbox 434 1334 1920 1398; baseline 0.005 -15"><span class='ocrx_word' id='word_1_91' title='bbox 434 1335 717 1398; x_wconf 82' lang='lat' dir='ltr'>diligentem</span> <span class='ocrx_word' id='word_1_92' title='bbox 755 1336 992 1384; x_wconf 87' lang='lat' dir='ltr'>rationem</span> <span class='ocrx_word' id='word_1_93' title='bbox 1018 1335 1244 1385; x_wconf 84' lang='lat' dir='ltr'>habeant.</span> <span class='ocrx_word' id='word_1_94' title='bbox 1273 1334 1561 1387; x_wconf 89' lang='lat' dir='ltr'>Pastoribus</span> <span class='ocrx_word' id='word_1_95' title='bbox 1588 1339 1920 1390; x_wconf 86' lang='lat' dir='ltr'>Ecclesiarum</span> 
     </span>
     <span class='ocr_line' id='line_1_15' title="bbox 435 1418 1920 1484; baseline 0.004 -17"><span class='ocrx_word' id='word_1_96' title='bbox 435 1418 606 1468; x_wconf 90' lang='lat' dir='ltr'>solitos</span> <span class='ocrx_word' id='word_1_97' title='bbox 630 1423 898 1483; x_wconf 91' lang='lat' dir='ltr'>proventus</span> <span class='ocrx_word' id='word_1_98' title='bbox 927 1419 1069 1468; x_wconf 88' lang='lat' dir='ltr'>statis</span> <span class='ocrx_word' id='word_1_99' title='bbox 1095 1421 1395 1484; x_wconf 87' lang='lat' dir='ltr'>temporibus</span> <span class='ocrx_word' id='word_1_100' title='bbox 1422 1426 1694 1471; x_wconf 88' lang='lat' dir='ltr'>teneantur.</span> <span class='ocrx_word' id='word_1_101' title='bbox 1723 1422 1803 1473; x_wconf 92' lang='lat' dir='ltr'>Ad</span> <span class='ocrx_word' id='word_1_102' title='bbox 1828 1422 1920 1473; x_wconf 90' lang='lat' dir='ltr'>hoc</span> 
     </span>
     <span class='ocr_line' id='line_1_16' title="bbox 433 1501 1924 1566; baseline 0.005 -17"><span class='ocrx_word' id='word_1_103' title='bbox 433 1501 613 1566; x_wconf 90' lang='lat' dir='ltr'>oppida</span> <span class='ocrx_word' id='word_1_104' title='bbox 653 1503 902 1566; x_wconf 86' lang='lat' dir='ltr'>quaelibet</span> <span class='ocrx_word' id='word_1_105' title='bbox 934 1503 984 1550; x_wconf 91' lang='lat' dir='ltr'>in</span> <span class='ocrx_word' id='word_1_106' title='bbox 1022 1503 1354 1554; x_wconf 90' lang='lat' dir='ltr'>iurisdictione</span> <span class='ocrx_word' id='word_1_107' title='bbox 1383 1504 1652 1555; x_wconf 82' lang='lat' dir='ltr'>Siculorum</span> <span class='ocrx_word' id='word_1_108' title='bbox 1691 1506 1786 1556; x_wconf 91' lang='lat' dir='ltr'>sita</span> <span class='ocrx_word' id='word_1_109' title='bbox 1822 1507 1924 1557; x_wconf 87' lang='lat' dir='ltr'>suis</span> 
     </span>
     <span class='ocr_line' id='line_1_17' title="bbox 430 1585 1925 1651; baseline 0.005 -19"><span class='ocrx_word' id='word_1_110' title='bbox 430 1585 705 1648; x_wconf 91' lang='lat' dir='ltr'>privilegiis</span> <span class='ocrx_word' id='word_1_111' title='bbox 731 1586 814 1647; x_wconf 87' lang='lat' dir='ltr'>uti,</span> <span class='ocrx_word' id='word_1_112' title='bbox 840 1587 935 1635; x_wconf 87' lang='lat' dir='ltr'>frui</span> <span class='ocrx_word' id='word_1_113' title='bbox 964 1587 1329 1651; x_wconf 88' lang='lat' dir='ltr'>permittantur.</span> <span class='ocrx_word' id='word_1_114' title='bbox 1380 1589 1649 1639; x_wconf 86' lang='lat' dir='ltr'>Praeterea</span> <span class='ocrx_word' id='word_1_115' title='bbox 1673 1594 1732 1639; x_wconf 92' lang='lat' dir='ltr'>ut</span> <span class='ocrx_word' id='word_1_116' title='bbox 1757 1605 1925 1641; x_wconf 90' lang='lat' dir='ltr'>omnes</span> 
     </span>
     <span class='ocr_line' id='line_1_18' title="bbox 431 1654 1923 1734; baseline 0.005 -18"><span class='ocrx_word' id='word_1_117' title='bbox 431 1666 582 1717; x_wconf 87' lang='lat' dir='ltr'>Siculi</span> <span class='ocrx_word' id='word_1_118' title='bbox 607 1670 701 1719; x_wconf 94' lang='lat' dir='ltr'>hoc</span> <span class='ocrx_word' id='word_1_119' title='bbox 725 1654 986 1734; x_wconf 90' lang='lat' dir='ltr'>privilegio</span> <span class='ocrx_word' id='word_1_120' title='bbox 1016 1671 1300 1721; x_wconf 88' lang='lat' dir='ltr'>libertatem</span> <span class='ocrx_word' id='word_1_121' title='bbox 1327 1674 1545 1722; x_wconf 88' lang='lat' dir='ltr'>assecuti</span> <span class='ocrx_word' id='word_1_122' title='bbox 1572 1679 1826 1724; x_wconf 88' lang='lat' dir='ltr'>teneantur</span> <span class='ocrx_word' id='word_1_123' title='bbox 1851 1676 1923 1724; x_wconf 91' lang='lat' dir='ltr'>vi-</span> 
     </span>
     <span class='ocr_line' id='line_1_19' title="bbox 427 1752 1924 1821; baseline 0.005 -21"><span class='ocrx_word' id='word_1_124' title='bbox 427 1752 557 1800; x_wconf 91' lang='lat' dir='ltr'>ritim</span> <span class='ocrx_word' id='word_1_125' title='bbox 582 1768 728 1814; x_wconf 88' lang='lat' dir='ltr'>arma,</span> <span class='ocrx_word' id='word_1_126' title='bbox 768 1768 875 1801; x_wconf 91' lang='lat' dir='ltr'>cum</span> <span class='ocrx_word' id='word_1_127' title='bbox 920 1753 1199 1802; x_wconf 90' lang='lat' dir='ltr'>necessitas</span> <span class='ocrx_word' id='word_1_128' title='bbox 1241 1755 1577 1819; x_wconf 86' lang='lat' dir='ltr'>postulaverit,</span> <span class='ocrx_word' id='word_1_129' title='bbox 1622 1767 1824 1821; x_wconf 74' lang='lat' dir='ltr'>capere3</span> <span class='ocrx_word' id='word_1_130' title='bbox 1875 1763 1924 1808; x_wconf 88' lang='lat' dir='ltr'>et</span> 
     </span>
     <span class='ocr_line' id='line_1_20' title="bbox 429 1836 1938 1903; baseline 0.003 -19"><span class='ocrx_word' id='word_1_131' title='bbox 429 1836 620 1901; x_wconf 90' lang='lat' dir='ltr'>pedites</span> <span class='ocrx_word' id='word_1_132' title='bbox 671 1837 863 1901; x_wconf 90' lang='lat' dir='ltr'>quidem</span> <span class='ocrx_word' id='word_1_133' title='bbox 902 1837 1160 1902; x_wconf 87' lang='lat' dir='ltr'>sclopeta,</span> <span class='ocrx_word' id='word_1_134' title='bbox 1226 1844 1483 1903; x_wconf 90' lang='lat' dir='ltr'>ceteraque</span> <span class='ocrx_word' id='word_1_135' title='bbox 1534 1836 1711 1889; x_wconf 90' lang='lat' dir='ltr'>bellica</span> <span class='ocrx_word' id='word_1_136' title='bbox 1746 1841 1938 1890; x_wconf 72' lang='lat' dir='ltr'>instru-¹</span> 
     </span>
     <span class='ocr_line' id='line_1_21' title="bbox 430 1915 1920 1987; baseline 0.003 -18"><span class='ocrx_word' id='word_1_137' title='bbox 430 1925 593 1969; x_wconf 90' lang='lat' dir='ltr'>menta</span> <span class='ocrx_word' id='word_1_138' title='bbox 619 1936 706 1970; x_wconf 93' lang='lat' dir='ltr'>suo</span> <span class='ocrx_word' id='word_1_139' title='bbox 734 1922 890 1970; x_wconf 90' lang='lat' dir='ltr'>ordini</span> <span class='ocrx_word' id='word_1_140' title='bbox 922 1922 1268 1986; x_wconf 88' lang='lat' dir='ltr'>competentia,</span> <span class='ocrx_word' id='word_1_141' title='bbox 1309 1923 1496 1987; x_wconf 85' lang='lat' dir='ltr'>equites</span> <span class='ocrx_word' id='word_1_142' title='bbox 1534 1939 1650 1972; x_wconf 90' lang='lat' dir='ltr'>vero</span> <span class='ocrx_word' id='word_1_143' title='bbox 1694 1915 1920 1974; x_wconf 90' lang='lat' dir='ltr'>robustos</span> 
     </span>
     <span class='ocr_line' id='line_1_22' title="bbox 431 2001 1921 2072; baseline 0.003 -20"><span class='ocrx_word' id='word_1_144' title='bbox 431 2018 598 2068; x_wconf 91' lang='lat' dir='ltr'>equos,</span> <span class='ocrx_word' id='word_1_145' title='bbox 625 2005 852 2066; x_wconf 78' lang='lat' dir='ltr'>frameaS,</span> <span class='ocrx_word' id='word_1_146' title='bbox 879 2006 1075 2066; x_wconf 88' lang='lat' dir='ltr'>loricas,</span> <span class='ocrx_word' id='word_1_147' title='bbox 1101 2001 1287 2070; x_wconf 85' lang='lat' dir='ltr'>hastas,</span> <span class='ocrx_word' id='word_1_148' title='bbox 1326 2008 1566 2069; x_wconf 89' lang='lat' dir='ltr'>thoraces,</span> <span class='ocrx_word' id='word_1_149' title='bbox 1607 2008 1795 2070; x_wconf 87' lang='lat' dir='ltr'>galeas,</span> <span class='ocrx_word' id='word_1_150' title='bbox 1822 2009 1921 2072; x_wconf 88' lang='lat' dir='ltr'>cly-</span> 
     </span>
     <span class='ocr_line' id='line_1_23' title="bbox 430 2087 1919 2155; baseline 0.003 -19"><span class='ocrx_word' id='word_1_151' title='bbox 430 2103 551 2151; x_wconf 88' lang='lat' dir='ltr'>peos</span> <span class='ocrx_word' id='word_1_152' title='bbox 576 2087 774 2147; x_wconf 82' lang='lat' dir='ltr'>habere,</span> <span class='ocrx_word' id='word_1_153' title='bbox 805 2095 853 2138; x_wconf 91' lang='lat' dir='ltr'>et</span> <span class='ocrx_word' id='word_1_154' title='bbox 877 2089 1076 2138; x_wconf 89' lang='lat' dir='ltr'>fidelem</span> <span class='ocrx_word' id='word_1_155' title='bbox 1101 2090 1292 2154; x_wconf 87' lang='lat' dir='ltr'>patriae</span> <span class='ocrx_word' id='word_1_156' title='bbox 1319 2105 1518 2155; x_wconf 89' lang='lat' dir='ltr'>operam</span> <span class='ocrx_word' id='word_1_157' title='bbox 1544 2107 1728 2140; x_wconf 90' lang='lat' dir='ltr'>navare</span> <span class='ocrx_word' id='word_1_158' title='bbox 1742 2106 1919 2154; x_wconf 89' lang='lat' dir='ltr'>cogan-</span> 
     </span>
     <span class='ocr_line' id='line_1_24' title="bbox 428 2171 1919 2239; baseline 0.003 -20"><span class='ocrx_word' id='word_1_159' title='bbox 428 2176 519 2219; x_wconf 91' lang='lat' dir='ltr'>tur.</span> <span class='ocrx_word' id='word_1_160' title='bbox 551 2171 677 2231; x_wconf 81' lang='lat' dir='ltr'>Quin</span> <span class='ocrx_word' id='word_1_161' title='bbox 703 2173 847 2221; x_wconf 91' lang='lat' dir='ltr'>etiam</span> <span class='ocrx_word' id='word_1_162' title='bbox 864 2171 1183 2238; x_wconf 85' lang='lat' dir='ltr'>Capitaneum</span> <span class='ocrx_word' id='word_1_163' title='bbox 1199 2174 1328 2223; x_wconf 90' lang='lat' dir='ltr'>arcis</span> <span class='ocrx_word' id='word_1_164' title='bbox 1359 2174 1804 2239; x_wconf 89' lang='lat' dir='ltr'>Udvarhelyiensis</span> <span class='ocrx_word' id='word_1_165' title='bbox 1830 2190 1919 2239; x_wconf 87' lang='lat' dir='ltr'>pro</span> 
     </span>
     <span class='ocr_line' id='line_1_25' title="bbox 432 2252 1918 2321; baseline 0.003 -19"><span class='ocrx_word' id='word_1_166' title='bbox 432 2252 694 2317; x_wconf 85' lang='lat' dir='ltr'>Superiore</span> <span class='ocrx_word' id='word_1_167' title='bbox 733 2270 834 2315; x_wconf 91' lang='lat' dir='ltr'>suo,</span> <span class='ocrx_word' id='word_1_168' title='bbox 876 2271 933 2303; x_wconf 90' lang='lat' dir='ltr'>ac</span> <span class='ocrx_word' id='word_1_169' title='bbox 982 2256 1139 2305; x_wconf 89' lang='lat' dir='ltr'>iudice</span> <span class='ocrx_word' id='word_1_170' title='bbox 1179 2258 1316 2320; x_wconf 91' lang='lat' dir='ltr'>regio</span> <span class='ocrx_word' id='word_1_171' title='bbox 1357 2263 1654 2320; x_wconf 88' lang='lat' dir='ltr'>agnoscant,</span> <span class='ocrx_word' id='word_1_172' title='bbox 1702 2257 1918 2321; x_wconf 88' lang='lat' dir='ltr'>reliquos</span> 
     </span>
     <span class='ocr_line' id='line_1_26' title="bbox 432 2330 1918 2403; baseline 0.005 -20"><span class='ocrx_word' id='word_1_173' title='bbox 432 2341 591 2385; x_wconf 89' lang='lat' dir='ltr'>autem</span> <span class='ocrx_word' id='word_1_174' title='bbox 613 2339 904 2401; x_wconf 84' lang='lat' dir='ltr'>praefectos,</span> <span class='ocrx_word' id='word_1_175' title='bbox 933 2355 1053 2402; x_wconf 89' lang='lat' dir='ltr'>quos</span> <span class='ocrx_word' id='word_1_176' title='bbox 1078 2330 1197 2389; x_wconf 88' lang='lat' dir='ltr'>belli</span> <span class='ocrx_word' id='word_1_177' title='bbox 1222 2341 1441 2390; x_wconf 81' lang='lat' dir='ltr'>rationes</span> <span class='ocrx_word' id='word_1_178' title='bbox 1479 2357 1596 2390; x_wconf 61' lang='lat' dir='ltr'>non„</span> <span class='ocrx_word' id='word_1_179' title='bbox 1615 2346 1918 2403; x_wconf 79' lang='lat' dir='ltr'>concernunt,</span> 
     </span>
     <span class='ocr_line' id='line_1_27' title="bbox 433 2413 1918 2489; baseline -0.001 -15"><span class='ocrx_word' id='word_1_180' title='bbox 433 2422 696 2474; x_wconf 88' lang='lat' dir='ltr'>secundum</span> <span class='ocrx_word' id='word_1_181' title='bbox 720 2413 951 2472; x_wconf 80' lang='lat' dir='ltr'>usitatum</span> <span class='ocrx_word' id='word_1_182' title='bbox 985 2439 1179 2483; x_wconf 86' lang='lat' dir='ltr'>morem,</span> <span class='ocrx_word' id='word_1_183' title='bbox 1233 2432 1282 2473; x_wconf 87' lang='lat' dir='ltr'>et</span> <span class='ocrx_word' id='word_1_184' title='bbox 1320 2425 1568 2489; x_wconf 90' lang='lat' dir='ltr'>antiquam</span> <span class='ocrx_word' id='word_1_185' title='bbox 1606 2425 1918 2488; x_wconf 90' lang='lat' dir='ltr'>genealogia-</span> 
     </span>
     <span class='ocr_line' id='line_1_28' title="bbox 430 2506 1913 2572; baseline 0.001 -15"><span class='ocrx_word' id='word_1_186' title='bbox 430 2524 535 2557; x_wconf 90' lang='lat' dir='ltr'>rum</span> <span class='ocrx_word' id='word_1_187' title='bbox 563 2522 757 2555; x_wconf 89' lang='lat' dir='ltr'>suarum</span> <span class='ocrx_word' id='word_1_188' title='bbox 785 2506 959 2562; x_wconf 88' lang='lat' dir='ltr'>seriem</span> <span class='ocrx_word' id='word_1_189' title='bbox 984 2512 1211 2571; x_wconf 87' lang='lat' dir='ltr'>poterunt</span> <span class='ocrx_word' id='word_1_190' title='bbox 1235 2524 1324 2572; x_wconf 91' lang='lat' dir='ltr'>pro</span> <span class='ocrx_word' id='word_1_191' title='bbox 1353 2523 1439 2557; x_wconf 90' lang='lat' dir='ltr'>suo</span> <span class='ocrx_word' id='word_1_192' title='bbox 1468 2509 1671 2558; x_wconf 87' lang='lat' dir='ltr'>arbitrio</span> <span class='ocrx_word' id='word_1_193' title='bbox 1715 2509 1913 2572; x_wconf 87' lang='lat' dir='ltr'>eligere.</span> 
     </span>
     <span class='ocr_line' id='line_1_29' title="bbox 433 2587 1918 2657; baseline 0 -16"><span class='ocrx_word' id='word_1_194' title='bbox 433 2591 534 2649; x_wconf 86' lang='lat' dir='ltr'>Sed</span> <span class='ocrx_word' id='word_1_195' title='bbox 559 2595 719 2639; x_wconf 91' lang='lat' dir='ltr'>tamen</span> <span class='ocrx_word' id='word_1_196' title='bbox 747 2589 992 2638; x_wconf 90' lang='lat' dir='ltr'>debebunt</span> <span class='ocrx_word' id='word_1_197' title='bbox 1031 2591 1289 2653; x_wconf 88' lang='lat' dir='ltr'>quotannis</span> <span class='ocrx_word' id='word_1_198' title='bbox 1315 2607 1402 2655; x_wconf 88' lang='lat' dir='ltr'>per</span> <span class='ocrx_word' id='word_1_199' title='bbox 1418 2587 1742 2657; x_wconf 36' lang='lat' dir='ltr'>ssCapitaneoS,</span> <span class='ocrx_word' id='word_1_200' title='bbox 1771 2597 1819 2641; x_wconf 92' lang='lat' dir='ltr'>et</span> <span class='ocrx_word' id='word_1_201' title='bbox 1843 2601 1918 2641; x_wconf 67' lang='lat' dir='ltr'>ce&#39;-</span> 
     </span>
     <span class='ocr_line' id='line_1_30' title="bbox 429 2671 1914 2740; baseline 0 -16"><span class='ocrx_word' id='word_1_202' title='bbox 429 2682 565 2725; x_wconf 89' lang='lat' dir='ltr'>teros</span> <span class='ocrx_word' id='word_1_203' title='bbox 591 2673 835 2740; x_wconf 86' lang='lat' dir='ltr'>Principis</span> <span class='ocrx_word' id='word_1_204' title='bbox 863 2671 1255 2732; x_wconf 70' lang='lat' dir='ltr'>Commissarios‚</span> <span class='ocrx_word' id='word_1_205' title='bbox 1292 2691 1424 2724; x_wconf 91' lang='lat' dir='ltr'>more</span> <span class='ocrx_word' id='word_1_206' title='bbox 1451 2676 1594 2725; x_wconf 91' lang='lat' dir='ltr'>solito</span> <span class='ocrx_word' id='word_1_207' title='bbox 1617 2676 1819 2725; x_wconf 89' lang='lat' dir='ltr'>lustrari</span> <span class='ocrx_word' id='word_1_208' title='bbox 1844 2681 1914 2724; x_wconf 91' lang='lat' dir='ltr'>at-</span> 
     </span>
     <span class='ocr_line' id='line_1_31' title="bbox 432 2754 1914 2823; baseline 0 -16"><span class='ocrx_word' id='word_1_209' title='bbox 432 2774 524 2822; x_wconf 90' lang='lat' dir='ltr'>que</span> <span class='ocrx_word' id='word_1_210' title='bbox 571 2757 787 2817; x_wconf 90' lang='lat' dir='ltr'>censeri,</span> <span class='ocrx_word' id='word_1_211' title='bbox 838 2754 1255 2820; x_wconf 82' lang='lat' dir='ltr'>Centurionesque</span> <span class='ocrx_word' id='word_1_212' title='bbox 1306 2759 1428 2823; x_wconf 91' lang='lat' dir='ltr'>ipsis</span> <span class='ocrx_word' id='word_1_213' title='bbox 1481 2759 1600 2808; x_wconf 89' lang='lat' dir='ltr'>certi</span> <span class='ocrx_word' id='word_1_214' title='bbox 1650 2759 1914 2822; x_wconf 87' lang='lat' dir='ltr'>assignari.</span> 
     </span>
     <span class='ocr_line' id='line_1_32' title="bbox 431 2823 1912 2908; baseline -0.001 -16"><span class='ocrx_word' id='word_1_215' title='bbox 431 2823 563 2893; x_wconf 82' lang='lat' dir='ltr'>Salis</span> <span class='ocrx_word' id='word_1_216' title='bbox 590 2848 637 2890; x_wconf 89' lang='lat' dir='ltr'>et</span> <span class='ocrx_word' id='word_1_217' title='bbox 673 2841 793 2891; x_wconf 88' lang='lat' dir='ltr'>ferri</span> <span class='ocrx_word' id='word_1_218' title='bbox 830 2841 1022 2891; x_wconf 86' lang='lat' dir='ltr'>fodinae</span> <span class='ocrx_word' id='word_1_219' title='bbox 1057 2857 1144 2906; x_wconf 91' lang='lat' dir='ltr'>per</span> <span class='ocrx_word' id='word_1_220' title='bbox 1172 2841 1468 2907; x_wconf 82' lang='lat' dir='ltr'>Capitaneos</span> <span class='ocrx_word' id='word_1_221' title='bbox 1494 2843 1736 2908; x_wconf 90' lang='lat' dir='ltr'>Principis</span> <span class='ocrx_word' id='word_1_222' title='bbox 1777 2857 1912 2892; x_wconf 86' lang='lat' dir='ltr'>cura-</span> 
     </span>
     <span class='ocr_line' id='line_1_33' title="bbox 429 2924 1910 2991; baseline -0.002 -15"><span class='ocrx_word' id='word_1_223' title='bbox 429 2929 619 2987; x_wconf 87' lang='lat' dir='ltr'>buntur,</span> <span class='ocrx_word' id='word_1_224' title='bbox 659 2926 747 2975; x_wconf 91' lang='lat' dir='ltr'>sed</span> <span class='ocrx_word' id='word_1_225' title='bbox 784 2930 945 2974; x_wconf 91' lang='lat' dir='ltr'>tamen</span> <span class='ocrx_word' id='word_1_226' title='bbox 982 2924 1193 2989; x_wconf 88' lang='lat' dir='ltr'>publicis</span> <span class='ocrx_word' id='word_1_227' title='bbox 1230 2926 1336 2974; x_wconf 89' lang='lat' dir='ltr'>fisci</span> <span class='ocrx_word' id='word_1_228' title='bbox 1377 2927 1646 2991; x_wconf 89' lang='lat' dir='ltr'>sumptibus</span> <span class='ocrx_word' id='word_1_229' title='bbox 1688 2927 1910 2975; x_wconf 84' lang='lat' dir='ltr'>excolen-</span> 
     </span>
     <span class='ocr_line' id='line_1_34' title="bbox 428 3000 1911 3073; baseline -0.002 -15"><span class='ocrx_word' id='word_1_230' title='bbox 428 3018 520 3073; x_wconf 77' lang='lat' dir='ltr'>tur,</span> <span class='ocrx_word' id='word_1_231' title='bbox 547 3009 767 3073; x_wconf 86' lang='lat' dir='ltr'>exceptis</span> <span class='ocrx_word' id='word_1_232' title='bbox 789 3007 1138 3071; x_wconf 89' lang='lat' dir='ltr'>quinquaginta</span> <span class='ocrx_word' id='word_1_233' title='bbox 1179 3007 1395 3056; x_wconf 89' lang='lat' dir='ltr'>salicidis</span> <span class='ocrx_word' id='word_1_234' title='bbox 1434 3013 1482 3057; x_wconf 86' lang='lat' dir='ltr'>et</span> <span class='ocrx_word' id='word_1_235' title='bbox 1507 3008 1756 3071; x_wconf 88' lang='lat' dir='ltr'>magistris</span> <span class='ocrx_word' id='word_1_236' title='bbox 1794 3000 1911 3057; x_wconf 85' lang='lat' dir='ltr'>ferri</span> 
     </span>
    </p>
   </div>
  </div>
 </body>
</html>
