2112 3288
441 161 546 212 270
963 178 1027 211 10.
1053 177 1185 211 maon
1212 179 1410 212 BAssovn

441 294 512 343 sis
537 294 587 342 in
613 294 736 343 locis
765 292 1039 355 suffodiunt,
1067 298 1115 342 et
1142 293 1426 343 duodecimo
1452 301 1565 358 post
1590 295 1667 345 die
1681 297 1933 361 pulverem

438 377 804 426 tormentarium
832 377 1068 427 cuniculis
1084 378 1360 427 subiiciunt.
1388 379 1464 427 Ea
1489 395 1543 427 re
1557 380 1679 440 visa,
1707 395 1812 429 cum
1837 379 1937 429 iam
1978 361 1982 366 ²

441 461 636 511 obsessi
659 476 763 511 rem
790 461 1143 510 conclamatam
1181 468 1230 511 et
1261 461 1311 510 in
1338 458 1483 528 (acie)
1509 464 1780 513 novaculae
1805 464 1937 528 posi-

437 550 539 595 tam
563 546 800 610 viderent,
824 561 915 595 nec
941 546 1203 610 quidquam
1231 546 1290 595 de
1305 546 1545 610 suppetiis
1561 552 1835 612 sperarent,
1862 553 1947 598 tu—.

439 629 668 680 multuari
691 630 887 679 tandem
902 636 1182 694 coeperunt.
1207 629 1452 678 Praefecti
1482 631 1612 679 arcis
1626 631 1846 696 Nyarius
1886 635 1937 680 et

441 712 720 763 Terczkius
735 713 997 762 iuramenti
1011 714 1202 776 quidem
1225 728 1310 762 eos
1337 713 1676 776 admonebant,
1692 719 1740 763 et
1759 713 1937 779 positis

441 797 663 860 genibus,
705 801 758 845 ut
781 796 893 860 ipsi,
935 801 1197 860 antequam
1223 813 1313 845 arx
1340 797 1558 859 dedatur,
1587 797 1938 859 occiderentur,

440 880 688 945 supplices
715 881 951 929 orabant:
979 879 1068 928 sed
1094 879 1409 944 praesidiarii
1435 896 1523 944 spe
1539 880 1802 945 desperata
1815 880 1940 929 nihil

442 963 636 1014 omnino
657 963 735 1011 his
761 963 956 1012 monitis
983 964 1317 1012 movebantur.
1357 964 1557 1012 Interim
1585 962 1716 1013 CCL
1741 964 1936 1023 milites,

442 1062 645 1112 quorum
658 1047 882 1111 plerique
897 1046 1013 1096 Itali
1027 1047 1233 1108 fuerant,
1250 1047 1377 1096 clam
1391 1062 1452 1096 ex
1467 1063 1582 1096 arce
1597 1047 1757 1112 elapsi
1768 1048 1820 1098 in
1832 1062 1938 1098 cas-

439 1135 520 1180 tra
532 1130 743 1179 hostium
756 1130 1143 1194 transfugerunt,
1171 1145 1433 1194 eorumque
1446 1121 1732 1194 religiorsem
1759 1130 1941 1195 ample-

437 1213 506 1275 xi,
533 1219 792 1278 apostatae
817 1215 935 1264 facti
950 1220 1073 1264 sunt.
1100 1215 1179 1263 Ea
1194 1230 1248 1263 re
1263 1215 1475 1278 cognita,
1502 1214 1657 1264 ceteri
1682 1214 1936 1263 vehemen-

441 1304 517 1347 ter
554 1300 870 1362 consternati,
896 1300 1060 1364 palam
1092 1299 1258 1348 statim
1286 1314 1393 1348 cum
1407 1298 1585 1348 Turcis
1614 1298 1674 1348 de
1694 1298 1940 1348 deditione

445 1380 661 1446 colloqui
687 1388 965 1448 coeperunt,
994 1384 1076 1447 qui
1088 1383 1166 1432 his
1183 1382 1540 1432 conditionibus
1557 1397 1610 1431 se
1634 1381 1748 1431 illos
1774 1396 1942 1432 omnes

445 1480 552 1515 cum
577 1465 934 1531 impedimentis
986 1471 1035 1516 et
1061 1466 1242 1531 gladiis
1277 1467 1564 1515 dimissuros
1601 1465 1943 1530 promiserunt,

444 1553 497 1598 ut
520 1551 802 1613 praefectos
828 1550 957 1600 arcis
984 1549 1193 1600 Paulum
1221 1550 1476 1615 Nyarium,
1505 1548 1817 1611 Terczkium,
1847 1546 1939 1598 Go-

447 1633 934 1696 goranium-Italum,
986 1639 1035 1684 et
1072 1635 1309 1685 iuniorem
1346 1633 1617 1683 Kinskium
1655 1632 1855 1683 obsides
1891 1632 1943 1681 in

447 1718 869 1767 commutationem
895 1718 1101 1768 aliorum
1127 1718 1430 1783 captivorum
1455 1716 1719 1766 traderent.
1749 1702 1845 1765 His
1870 1716 1943 1765 ita
1968 1738 1974 1747 *

447 1800 620 1865 pactis,
647 1801 793 1850 XIII.
811 1800 1045 1850 Octobris
1061 1801 1192 1850 circa
1207 1800 1457 1850 meridiem
1472 1800 1566 1850 duo
1581 1799 1736 1848 millia
1748 1803 1937 1848 nostro-

447 1899 554 1933 rum
575 1882 736 1946 Agria
763 1886 957 1949 egressi
983 1890 1108 1934 sunt.
1136 1884 1236 1934 Sed
1252 1883 1441 1935 Caesar
1468 1881 1802 1932 crudelitatem
1817 1881 1941 1932 Ger-

450 1982 717 2028 manorum,
746 1984 890 2030 quam
915 1969 966 2017 in
993 1969 1217 2033 captivos
1232 1967 1451 2017 Hatvani
1478 1971 1813 2024 exercuerant,
1843 1966 1942 2015 vin-

450 2050 712 2112 dicaturus,
751 2052 802 2100 in
836 2052 933 2101 tria
970 2057 1122 2102 totum
1160 2051 1461 2117 praesidium
1487 2050 1687 2114 agmina
1712 2049 1939 2114 separari

451 2133 630 2183 edixit:
657 2150 802 2184 unum
827 2136 917 2185 fuit
945 2134 1315 2197 Germanorum,
1343 2135 1550 2183 alterum
1578 2133 1939 2196 Vngaricorum

452 2217 666 2280 equitum
706 2234 764 2267 ac
802 2219 1032 2282 peditum,
1071 2219 1266 2267 tertium
1302 2216 1620 2282 plebeiorum.
1663 2213 1942 2264 Germanos

452 2315 618 2349 omnes
645 2301 710 2349 ad
736 2315 877 2350 unum
902 2302 1136 2351 trucidari
1149 2302 1306 2362 iussit,
1336 2301 1495 2349 edicto
1509 2299 1818 2363 promulgato
1832 2298 1942 2347 ideo

453 2398 508 2432 se
533 2381 626 2432 hoc
650 2383 830 2444 facere,
869 2390 920 2433 ut
947 2385 1204 2434 immanem
1221 2383 1578 2434 Germanorum
1603 2381 1861 2430 saevitiam
1885 2381 1942 2429 il-

451 2467 596 2516 lustri
612 2467 676 2515 ad
691 2482 879 2516 omnem
896 2468 1236 2531 posteritatem
1252 2464 1475 2532 exemplo
1491 2464 1776 2521 vindicaret,
1791 2481 1821 2513 a
1835 2463 1940 2527 qui—

451 2550 544 2599 bus
572 2551 889 2613 cognovisset
913 2551 1285 2600 Musulmannos
1326 2564 1441 2598 suos
1479 2564 1567 2613 per
1602 2547 1942 2597 contumeliam

452 2618 990 2684 summam-excoriatos
1028 2634 1196 2684 fuisse.
1251 2633 1490 2697 Vngarici
1517 2632 1726 2681 nominis
1765 2630 1943 2680 milites

451 2717 662 2768 interfici·
685 2717 878 2781 quidem
891 2720 1040 2778 vetat,
1056 2717 1145 2765 sed
1171 2716 1316 2780 diripi
1338 2730 1505 2765 omnes
1521 2714 1643 2764 acin
1658 2713 1943 2763 servitutem

452 2799 562 2865 rapi
584 2800 782 2864 patitur,
819 2803 1074 2849 reservato
1113 2798 1210 2847 sibi
1236 2797 1391 2847 Paulo
1419 2797 1623 2862 NyariO,
1653 2802 1701 2845 et
1726 2796 1840 2847 aliis
1867 2811 1945 2844 ar-

454 2884 524 2933 cis
550 2883 830 2949 praefectis,
858 2880 1060 2947 quorum
1086 2882 1290 2931 consilio
1318 2883 1367 2931 in
1394 2896 1510 2932 suos
1535 2894 1654 2932 usus
1681 2879 1744 2928 ad
1773 2892 1942 2929 omnes

455 2967 739 3018 occasiones
764 2983 854 3031 per
879 2967 976 3016 vim
1003 2971 1193 3016 extorto
1233 2968 1527 3017 abuteretur.
1579 2964 1636 3012 In
1668 2963 1729 3011 iis
1768 2962 1858 3012 fuit
1897 2967 1944 3013 et
