2112 3288
47 21 57 31 .,

47 146 82 175 ³⁵5¹

46 199 62 226 v}
72 215 82 219 ,,

38 262 53 287 ”.
73 259 77 284 '2

34 312 43 316 -
56 298 86 325 .’

31 415 33 417 -
60 418 62 425 ,

25 694 28 699 ,
47 693 62 712 5,-

14 956 15 959 ¹
26 966 27 969 ι
50 959 63 970 ¹.

13 1090 15 1094 v
29 1083 42 1093 ι’
74 1090 77 1094 ι

9 1183 11 1186 ·
35 1175 40 1190 *ἶ

22 1440 24 1447 ι
33 1435 42 1448 ι’,

14 1513 29 1526 *f*
38 1523 39 1526 1

10 1547 34 1553 ,,

4 1624 30 1657 ᾖ-Ξῑτ

6 1667 8 1670 ’
27 1668 37 1684 ᾗ

18 1799 30 1812 2.

0 1817 33 1876 a

0 1875 26 1944 ξ

0 1949 28 1989 z}

0 1998 19 2020 ⁶,

0 2026 12 2051 ζ’

0 2058 21 2085 Γ

626 148 690 180 ΒΕ
716 147 824 181 REB.
851 146 964 180 VNG.
1002 146 1112 180 Duc,
1135 148 1184 181 X.
1214 148 1258 180 12.
1290 149 1352 181 iv.
1564 182 1569 186 ,
1686 137 1747 186 71

244 264 490 315 exercitus
518 260 906 328 Transylvanici
932 263 1199 322 referebat,
1242 264 1419 326 quibus
1447 264 1532 313 ille
1563 266 1759 319 damna·

244 347 327 408 tis,
351 346 544 412 culpam
571 360 763 393 omnem
777 345 828 393 in
853 345 904 393 id
931 345 1091 395 solum
1118 346 1421 403 conferebat,
1449 349 1582 410 quod
1608 349 1758 399 desti-

242 435 375 486 tutus
402 429 867 494 Transylvanorum
895 429 1110 490 auxiliiS,
1149 428 1322 479 hostes
1363 431 1587 492 aggredi,
1625 447 1762 482 occa-

241 513 476 578 sioneque
501 513 571 563 uti
597 527 694 561 non
720 513 980 578 potuisset,
1008 512 1191 562 additis
1218 512 1377 574 minis,
1407 514 1512 563 eius
1542 515 1615 563 rei
1630 515 1761 566 haud

238 597 570 648 immemorem
597 612 653 647 se
678 597 914 647 futurum.

673 981 912 1032 OAPVT
954 980 1318 1044 QVARTVM.

395 1127 474 1176 De
498 1126 922 1176 sollicitationibus
960 1126 1146 1176 Bassae
1179 1127 1601 1178 Temesvarie‘nsis.

375 1283 573 1333 ‘Eodem
624 1288 847 1348 tempore
881 1282 1166 1348 Stephanus
1217 1299 1410 1349 quoque
1451 1286 1753 1348 Bathoreus,

238 1369 491 1435 copiarum
520 1368 1032 1432 Transylvanicarum
1054 1368 1365 1438 *Praefectus
1393 1374 1443 1418 et
1469 1370 1530 1418 de
1558 1371 1754 1420 ratione

234 1454 310 1503 sui
334 1453 542 1512 itineriS‚
573 1457 623 1501 et
649 1468 772 1517 quas
801 1467 964 1502 secum
983 1453 1117 1502 vires
1147 1453 1369 1514 haberet,
1395 1458 1495 1502 tum
1512 1454 1630 1518 quid
1645 1456 1755 1504 fieri

234 1540 301 1588 ab
325 1553 384 1588 eo
410 1542 626 1603 cuperet,
670 1538 815 1586 simul
856 1542 1005 1601 atque
1033 1537 1341 1597 Varadinum
1382 1538 1651 1602 attigisset,
1682 1536 1753 1604 (ut

232 1624 283 1672 in
306 1627 543 1688 tempore,
599 1622 839 1686 quomodo
866 1621 1157 1670 tractandus
1186 1626 1234 1670 et
1258 1621 1577 1686 imposterum
1605 1627 1755 1680 esset,

233 1708 484 1772 cognitum
509 1707 762 1768 haberem
789 1722 880 1772 per
906 1706 1153 1755 hominem
1180 1720 1334 1766 suum,
1365 1711 1414 1755 et
1448 1706 1621 1755 literas
1651 1707 1751 1770 sig-

231 1793 548 1855 nifioaverat3
569 1807 739 1840 verum
766 1791 817 1839 id
843 1791 992 1840 etiam
1018 1805 1116 1839 non
1142 1805 1288 1839 secus
1315 1792 1378 1839 ab
1406 1806 1464 1840 eo
1494 1795 1753 1855 acceptum

234 1882 325 1939 est,
352 1880 501 1940 atque
528 1880 688 1936 antea,
716 1874 1009 1925 coniiciente
1026 1875 1269 1935 Barbam,
1297 1875 1409 1923 ideo
1437 1875 1754 1924 tantumfioed,

231 1965 286 2011 ut
310 1960 363 2010 in
387 1959 605 2024 speeiem
631 1958 826 2024 prolixe
854 1958 1016 2013 omnia
1040 1959 1289 2023 praestari
1329 1975 1360 2008 a
1398 1959 1582 2008 nostris
1620 1958 1752 2008 vide-

233 2049 417 2105 rentur,
444 2043 534 2093 sed
553 2043 752 2092 interim
778 2048 943 2092 tamen
972 2034 1570 2107 missitand0,·t'⁷erbisque
1585 2059 1751 2093 secum

233 2128 537 2190 colludendO,
568 2128 725 2178 omnis
752 2127 873 2176 belli
900 2127 1107 2191 gerendi
1134 2127 1331 2177 occasio
1348 2129 1643 2177 elaberetur.
1660 2128 1751 2176 Mi-

233 2213 299 2263 sit
324 2218 488 2263 autem
515 2213 579 2261 ad
605 2212 883 2277 Principem
911 2212 1087 2261 iisdem
1115 2211 1290 2262 diebus
1320 2213 1599 2277 complures
1628 2228 1748 2262 nun¹

233 2298 352 2360 cios,
403 2302 504 2348 tum
531 2313 594 2346 ex
619 2297 705 2357 iis,
761 2311 884 2361 quos
912 2295 1160 2346 Ohausios
1187 2301 1388 2359 vocant,
1428 2302 1529 2346 tum
1563 2312 1625 2346 ex
1651 2297 1749 2346 alio

232 2381 428 2444 ordine,
478 2381 659 2446 quibus
711 2380 1017 2440 confidebat,
1074 2380 1285 2444 denique
1338 2397 1398 2431 ex
1446 2379 1748 2430 Christianis

232 2467 395 2539 etiam,
434 2466 646 2517 subditis
687 2481 870 2527 eorum,
898 2465 1116 2515 nationis
1156 2470 1359 2515 nostrae
1397 2464 1657 2523 hominem,
1698 2469 1747 2514 et

233 2549 523 2615 speculandi
548 2565 732 2611 causa,
774 2554 823 2599 et
850 2550 1027 2611 animO,
1058 2549 1177 2614 quid.
1207 2549 1268 2598 de
1306 2549 1402 2598 hac
1428 2547 1744 2612 expeditione

234 2634 575 2700 Transylvani
595 2635 931 2685 constitutum
968 2634 1227 2695 haberent,
1268 2632 1613 2697 cognoscendi.
1668 2633 1745 2679 In-

230 2723 308 2767 ter
345 2719 444 2767 alia
478 2719 704 2770 vincente
742 2720 840 2769 iam
878 2720 1078 2769 fervore
1119 2719 1223 2769 eius
1263 2717 1489 2777 animum,
1532 2731 1639 2765 cum
1666 2715 1740 2763 le-

232 2802 374 2851 viora
398 2817 495 2851 non
520 2804 829 2868 proficerent.
869 2819 1021 2854 ausus
1060 2804 1151 2853 fuit
1186 2803 1257 2852 ita
1295 2805 1530 2851 exaratas
1570 2799 1743 2848 literas

233 2886 440 2943 mittere,
465 2891 518 2936 ut
555 2887 650 2937 nisi
688 2888 751 2936 ad
789 2889 916 2938 diem
956 2888 1266 2938 Dominicum
1306 2885 1595 2950 proximum,
1636 2898 1746 2932 cum·

229 2969 391 3020 triduo
418 2974 532 3022 ante
559 2970 665 3025 eius
691 2971 869 3021 literae
884 2971 1105 3041 Principi
1133 2970 1470 3031 redderentur,
1504 2966 1741 3017 Kalloum
