2112 3288
499 189 601 248 '248
1038 214 1102 247 1o.
1127 214 1260 247 DEOII
1285 214 1480 248 BARovrr

492 330 637 381 tionis
673 331 833 395 capita
868 331 1085 380 resecari
1122 332 1269 381 iubet.
1307 332 1566 382 Advenere
1602 334 1652 383 in
1677 335 1846 399 primis
1874 337 1971 387 Va-

491 401 770 480 sarhelyum
797 415 1074 481 Stephanus
1091 416 1329 466 Tholdius
1346 422 1393 466 et
1406 417 1669 468 Balthasar
1677 419 1962 486 Bogathius,

493 499 843 565 propositoque
881 500 1073 564 publico
1124 500 1308 562 ediet0,
1348 501 1650 564 singulorum
1686 503 1972 568 oppidorum

492 599 830 649 pagorumque
855 583 1039 632 iudices
1083 589 1226 648 atque
1260 585 1500 650 primores
1539 587 1629 636 sub
1653 587 1852 652 publica
1874 589 1970 640 fide

489 667 552 717 ad
579 684 634 718 se
662 668 826 717 venire
864 669 1121 718 iusserunt.
1160 668 1359 719 Affuere
1397 671 1613 719 nonnulli
1653 685 1814 722 eorum
1854 678 1903 723 et
1939 690 1970 724 a

487 752 699 802 Tholdio
749 751 1091 816 Bogathioque
1147 753 1196 800 in
1234 748 1428 817 publico
1469 769 1704 804 consessu
1738 754 1971 808 admoniti

486 839 637 900 fuere,
663 844 715 888 ut
762 839 928 889 allatis
955 838 1211 903 tympanis,
1238 838 1447 899 vexillis,
1488 856 1546 888 ac
1583 840 1866 890 bombardis
1905 841 1968 892 ad

485 921 879 972 fidem·Dominis
921 921 1024 970 suis
1051 937 1111 970 ex
1138 923 1443 986 praescripto
1468 922 1709 988 Principis
1735 939 1793 974 ac
1818 923 1967 974 Ordi-

485 1023 597 1057 num
610 1007 770 1070 Regni
797 1008 941 1055 solito
967 1022 1100 1055 more
1127 1006 1474 1071 praestandam
1498 1008 1723 1056 redirent.
1751 1008 1966 1059 Paruere

483 1091 716 1152 nonnulli,
743 1106 802 1140 ac
814 1091 1071 1140 formidine
1083 1104 1271 1153 poenae
1296 1089 1492 1139 adducti
1512 1090 1649 1139 iussa
1659 1091 1964 1155 praestitere.

485 1174 588 1225 Sed
621 1191 726 1224 cum
763 1176 981 1224 nonnulli
1019 1189 1182 1223 eorum
1214 1173 1528 1223 refractarios
1567 1189 1622 1222 se
1659 1175 1966 1239 praeberent,

484 1265 533 1309 et
582 1260 815 1308 authores
865 1257 1118 1308 seditionis
1166 1258 1216 1306 in
1262 1257 1566 1320 posteritatis
1631 1247 1965 1310 documentum

483 1343 674 1393 omnino
701 1342 931 1407 puniendi
957 1341 1250 1403 viderentur,
1276 1341 1440 1390 missis
1467 1346 1625 1403 nocta,
1653 1357 1748 1406 quo
1768 1343 1963 1394 facilius

480 1428 660 1478 incauti
697 1427 1042 1492 comprehendi
1067 1430 1283 1491 possent,
1313 1426 1552 1474 Tholdius
1590 1441 1649 1475 ac
1673 1426 1963 1491 Bogathius,
2023 1431 2027 1434 ’

481 1511 628 1562 certis
657 1512 869 1576 equitum
893 1512 1202 1575 peditumque
1228 1509 1522 1571 cohortibus,
1550 1510 1782 1561 authores
1808 1513 1963 1562 rebel-

477 1597 622 1647 lionis
647 1598 696 1647 in
723 1597 929 1661 singulis
966 1597 1109 1661 pagis
1147 1596 1424 1644 nominatim
1459 1595 1813 1665 comprehendi,
1853 1611 1962 1646 cau-

477 1696 630 1745 saque
657 1681 866 1745 cognita,
893 1678 1045 1730 variis
1073 1679 1418 1745 suppliciorum
1453 1680 1727 1742 generibus,
1766 1695 1863 1729 non
1898 1680 1962 1729 ci-

475 1772 554 1815 tra
591 1765 897 1815 crudelitatis
937 1765 1185 1814 cuiusdam
1227 1764 1634 1827 significationem
1666 1763 1797 1813 affici
1822 1780 1959 1814 cura-

475 1855 601 1899 runt.
639 1840 756 1900 Mox
795 1850 1040 1899 universis
1079 1866 1138 1897 ac
1177 1848 1397 1911 singulis*
1421 1847 1471 1895 in
1508 1848 1624 1896 sede
1663 1848 1959 1898 Marosiensi

479 1933 661 1983 Siculis
713 1923 1019 1983 sacramento
1070 1932 1369 1981 iureiurandi
1407 1932 1470 1980 ad
1520 1931 1756 1995 obsequia
1791 1932 1958 1981 Domi-

472 2034 641 2069 norum
667 2019 871 2078 adactis,
917 2020 1095 2067 Albam
1131 2017 1243 2067 inde
1269 2017 1614 2066 discesserunt.
1665 2015 1777 2064 Non
1801 2015 1957 2065 minus

470 2104 660 2153 interea
687 2110 734 2153 et
751 2105 981 2154 Nicolaus
1002 2099 1221 2167 Apafius,
1249 2101 1428 2151 certior
1455 2095 1524 2149 de'
1539 2099 1810 2163 pertinacia
1825 2097 1954 2164 Gyr-

469 2188 691 2250 gensium
717 2189 779 2238 ab
795 2188 995 2238 Andrea
1008 2189 1170 2236 Lazar
1195 2188 1370 2247 factus,
1397 2183 1616 2234 collectis
1630 2183 1823 2232 circiter
1842 2183 1956 2234 duo-

470 2273 563 2321 bus
593 2274 805 2337 equitum
842 2274 1153 2338 peditumque
1187 2272 1416 2330 minibus,
1457 2268 1676 2318 adhibita
1702 2255 1952 2317 eeleritate

468 2362 669 2406 conatus
696 2373 861 2407 eorum
885 2358 1167 2422 praevenit,
1207 2362 1254 2406 et
1290 2357 1340 2404 in
1366 2369 1549 2404 summo
1577 2352 1773 2417 Alpium
1813 2367 1950 2402 cacu-

467 2441 592 2489 mine
631 2446 795 2490 castra
832 2441 981 2505 ponit.
1022 2440 1327 2490 Audiverant
1377 2437 1503 2486 enim
1541 2436 1799 2485 adventum
1845 2435 1950 2484 eius

469 2522 645 2587 Siculi,
673 2524 915 2588 factisque
944 2524 1232 2574 coitionibus
1257 2523 1308 2571 in
1334 2523 1489 2571 vicum
1515 2519 1689 2584 Ujfalu
1715 2534 1949 2568 convene-

463 2613 588 2669 rant,
613 2613 666 2657 ut
689 2608 921 2672 sequenti·
939 2609 1103 2656 statim
1129 2610 1237 2657 luce
1261 2607 1437 2656 itinera
1458 2600 1672 2670 Alpium,
1695 2602 1874 2668 ‘quibus
1898 2603 1948 2652 in

462 2692 715 2756 regionem
751 2692 885 2742 illam
921 2691 1289 2755 ingrediendum
1329 2690 1448 2750 erat,
1493 2689 1816 2738 obstruerent.
1869 2687 1946 2737 In-

461 2777 604 2826 terim
630 2793 735 2826 eam
771 2782 924 2826 totam
948 2782 1140 2826 noctem
1176 2775 1495 2824 immoderato
1536 2770 1803 2822 cerevisiae
1827 2775 1945 2835 potu

462 2846 729 2910 insomnem
767 2862 1099 2921 traduxerant,
1141 2860 1315 2910 mutuis
1355 2875 1466 2909 sese
1515 2855 1728 2922 poculis,
1766 2860 1820 2904 ut
1867 2859 1944 2904 est

460 2960 564 2993 mos
592 2961 756 2996 eorum
781 2949 927 3011 plane
953 2948 1208 3005 barbarus,
1237 2946 1299 2994 ad
1324 2945 1514 2993 fortiter
1528 2940 1837 3007 pugnandum
1864 2954 1946 2988 co·-

459 3029 653 3089 hortati,
693 3036 739 3079 et
778 3030 917 3094 quasi
957 3032 1051 3080 iam
1089 3031 1137 3078 in
1163 3029 1385 3078 manibus
1412 3026 1664 3076 victoriam
1689 3025 1938 3085 haberent,
