2112 3288
615 174 682 208 DE
708 173 819 207 REB.
845 172 958 207 VNG.
984 173 1095 207 DEC.
1121 173 1186 207 XI.
1213 175 1256 208 L.
1285 176 1333 210 n.
1508 159 1517 163 ’
1629 163 1732 214 321

208 293 406 359 quidem
444 291 716 341 seditiosae
756 289 1140 353 conspirationis
1181 292 1511 356 praecipuum
1562 295 1731 345 autho-

207 394 311 428 rem
338 382 388 428 et
413 377 810 440 antesignanum,
838 374 1234 427 concionatorem
1263 390 1352 424 ves
1366 381 1494 424 trum
1524 375 1731 429 Ambro-

204 463 331 514 sium
363 459 729 512 Dereczkeium
764 458 924 508 fuisse
960 464 1251 520 memorant,
1293 461 1489 509 vafrum
1529 467 1578 510 et
1603 463 1730 512 sedi-

205 548 388 598 tiosum
413 546 673 605 hominem,
711 543 894 608 quippe
934 543 1018 607 qui
1059 548 1160 593 tum
1202 543 1729 608 ordinem'militarem,

203 638 307 683 tum
336 631 486 682 etiam
511 629 766 696 politicum
805 633 987 677 statum
1029 628 1092 677 ad
1118 628 1434 678 excitandam
1464 627 1730 680 detestabi-

203 717 302 766 lem
325 713 454 763 hanc
480 711 773 762 seditionem
787 710 1063 760 concitavit.
1094 711 1536 761 Verumenimvero
1552 713 1727 763 sciatis

202 799 351 850 velim
394 797 489 846 hoc
526 795 777 860 negotium
802 800 904 844 tam
944 793 1167 856 Caesari,
1209 810 1355 860 quam
1393 795 1538 845 nobis
1578 798 1726 847 etiam

202 899 351 934 curae
375 883 604 942 futurum,
643 886 696 930 ut
736 880 823 930 ille
861 880 1085 930 nefariae
1126 880 1512 946 conspirationis
1550 882 1727 932 author

200 969 341 1018 iuxta
391 966 619 1032 publicos
674 965 939 1026 articulos,
989 970 1240 1029 tamquam
1280 965 1574 1027 seditiosus,
1618 971 1725 1015 'tam

150 1086 162 1095 ·
200 1053 321 1113 iure,
363 1067 510 1116 quam
549 1050 698 1099 etiam
737 1049 853 1098 aliis
888 1049 1048 1097 modis
1087 1049 1357 1113 requisitus
1395 1065 1609 1115 poenam
1636 1052 1725 1100 ali-

201 1135 397 1201 quando
446 1133 670 1183 meritam
722 1133 839 1182 luat.
893 1133 1038 1182 Nunc
1088 1137 1250 1182 autem
1300 1149 1362 1182 ne
1411 1133 1507 1184 hoc
1542 1134 1724 1183 malum

197 1219 564 1287 pestilentiores
589 1217 787 1267 radices
814 1222 949 1281 agat,
990 1216 1211 1265 misimus
1238 1216 1304 1264 ad
1328 1232 1419 1266 vos
1446 1219 1598 1268 hosce
1618 1234 1719 1267 ma-

198 1320 327 1370 gnae
365 1302 683 1353 authoritatis
712 1307 860 1366 atque
887 1300 1003 1350 fidei
1028 1301 1268 1365 Legatos,
1308 1301 1486 1366 quibus
1511 1303 1562 1352 in
1589 1318 1720 1354 man-

197 1388 328 1439 datis
354 1388 592 1449 dedimus,
634 1392 689 1436 ut
717 1387 846 1436 omni
871 1384 1064 1436 meliori
1089 1385 1233 1436 modo
1260 1386 1404 1436 initia
1430 1387 1576 1438 huius
1602 1390 1720 1438 mali

195 1474 519 1538 restinguant,
558 1477 808 1536 totumque
846 1470 1099 1534 negotium
1147 1476 1463 1534 componant.
1514 1473 1720 1523 Interim

195 1563 358 1611 autem
397 1573 573 1607 severe
611 1556 915 1617 mandamUS‚
965 1560 1019 1605 ut
1059 1555 1287 1620 deposita
1313 1554 1410 1605 hac
1446 1557 1716 1607 animorum

195 1643 544 1703 obstinatione,
577 1639 865 1691 Catholicos
890 1655 1084 1699 rursum
1110 1639 1159 1688 in
1173 1640 1434 1704 pristinum
1458 1641 1618 1691 locum
1642 1658 1719 1692 re-

194 1728 376 1794 cipere,
419 1742 480 1776 ac
515 1726 567 1775 in
591 1726 839 1789 integrum
862 1724 1126 1774 restituere
1160 1724 1268 1774 sine
1294 1726 1715 1789 tergiversatione

193 1811 438 1872 debeatis,
477 1814 767 1874 certumque
799 1809 863 1858 ad
896 1809 1022 1858 haec
1047 1823 1342 1873 responsum
1368 1810 1514 1860 nobis
1540 1810 1716 1862 redda-

190 1896 271 1946 tis.
298 1896 484 1946 Datum
507 1895 603 1945 hoc
629 1895 721 1944 fuit
747 1895 891 1944 VIII.
918 1893 1039 1943 Maii
1066 1892 1416 1943 MDXOVIII.

801 2087 1083 2095 *ffl—

658 2205 893 2294 cAPVT
934 2242 1242 2294 sEXTVM.

239 2356 317 2405 De
345 2355 648 2404 eoecusationc
686 2353 1063 2402 Varadiensz'um
1090 2355 1158 2403 acl
1182 2355 1464 2418 Principem
1489 2356 1649 2404 missa,

330 2464 604 2529 Postquam
641 2463 798 2528 legati
837 2461 1085 2530 Principis
1111 2465 1303 2515 Mariae
1340 2465 1494 2515 hasce
1533 2464 1709 2515 literas

185 2546 616 2598 Varadinensibus
643 2547 977 2610 reddiderunt,
1018 2564 1078 2598 ac
1114 2548 1283 2598 verbis
1311 2563 1505 2613 quoque
1545 2549 1708 2614 copio-

185 2632 257 2682 sis
285 2631 519 2682 mandata
545 2638 906 2697 exposuerunt:
933 2633 1130 2683 nobiles
1158 2648 1264 2682 cum
1292 2633 1554 2697 oppidanis
1582 2647 1708 2682 com-

184 2717 430 2767 municato
458 2715 682 2778 consilio,
722 2733 868 2781 quum
895 2733 978 2767 res
1004 2733 1101 2767 non
1129 2722 1265 2766 esset
1289 2715 1434 2781 parvi
1459 2718 1704 2777 momenti,

184 2801 397 2865 spatium
425 2799 735 2850 deliberandi
774 2818 805 2850 a
829 2802 1013 2866 legatis
1042 2801 1246 2867 petiere.
1301 2799 1445 2860 Quod
1471 2815 1579 2849 cum
1605 2800 1705 2850 illis

184 2899 473 2934 concessum
500 2889 649 2945 esset,
677 2885 862 2950 scripto
890 2885 1207 2951 respondent,
1250 2888 1299 2932 et
1325 2882 1441 2947 quia
1465 2883 1706 2948 periculo-

184 2983 291 3017 sum
328 2969 436 3019 fore
473 2969 716 3033 putabant
752 2984 855 3018 rem
898 2970 1108 3020 seorsim
1147 2984 1236 3032 per
1273 2972 1435 3017 certos
1463 2968 1704 3032 quosdam

257 3073 409 3100 MONVM.
425 3073 546 3101 HVNG.
561 3075 664 3102 msr.
680 3088 713 3093 —
726 3074 976 3102 SCRIPTORES.
992 3075 1084 3102 xvn.
1506 3062 1561 3105 21
