2112 3288
654 165 719 197 DE
748 165 856 199 nnn.
883 166 997 201 vNG.
1023 167 1134 201 ΒΕΘ.
1162 169 1228 203 x1.
1256 170 1300 203 L.
1330 171 1382 205 11.
1502 159 1510 163 ’
1672 160 1778 210 315

276 295 362 330 eos
389 280 494 329 dies
509 295 599 345 pro
613 280 758 329 festis
775 278 1064 343 habuerant,
1082 284 1307 347 omnique
1323 290 1779 339 commessationum

273 367 324 413 et
359 363 686 429 tripudiorum
725 364 1046 430 laetitiaeque
1086 381 1271 430 genere
1297 373 1658 433 transegerunt.
1704 375 1780 423 Eo

270 445 452 496 factum
481 451 571 509 est,
597 452 652 496 ut
665 447 1003 498 Barbarorum
1029 450 1254 513 plerique
1281 465 1452 502 somno
1468 454 1679 518 vinoque
1706 472 1780 505 se-

273 529 411 594 pulti,
438 529 522 580 vix
548 531 799 595 crapulam
827 536 1060 582 excutere
1075 534 1343 597 potuerint.
1373 533 1608 586 Coierant
1622 543 1784 588 tamen

275 614 562 678 agminatim
597 631 697 665 non
732 615 906 680 pauci,
948 632 1008 665 ac
1047 616 1238 679 ingenti
1277 633 1389 667 cum
1429 620 1610 670 eiulatu
1636 626 1784 686 atque

273 697 492 748 clamore
516 698 674 748 instar
700 697 998 764 Polyphemi
1036 704 1230 750 ceteros
1259 700 1513 768 Cyclopes
1558 704 1621 753 ad
1647 722 1785 755 arma

274 780 571 832 horrendum
595 783 646 832 in
671 784 867 833 modum
894 783 1164 834 inclamare
1190 792 1471 851 coeperunt.
1500 788 1785 838 Dormierat

273 871 388 916 tunc
413 866 662 917 Arzlanus
688 869 854 918 Bassa
891 885 1098 933 gravem
1135 876 1406 933 veternum,
1449 877 1497 921 et
1537 889 1643 922 cum
1669 889 1787 923 uxo-

272 966 376 1001 rem
403 966 430 1000 e
455 952 612 1002 nobili
638 953 954 1018 Vngarorum
981 954 1135 1018 stirpe
1162 960 1476 1019 procreatam
1510 971 1674 1006 secum
1701 958 1786 1007 ha-

270 1035 425 1097 beret,
451 1036 565 1085 vino
600 1052 882 1102 venereque
909 1039 1100 1087 solutus
1128 1039 1394 1088 difficulter
1432 1040 1690 1090 admodum
1718 1042 1780 1090 ab

270 1133 426 1168 uxore
452 1120 660 1169 excitari
697 1125 911 1186 poterat.
960 1120 1082 1170 Cum
1110 1123 1236 1171 enim
1270 1123 1334 1171 ab
1361 1138 1515 1173 uxore
1542 1141 1782 1189 experge-

272 1203 433 1254 factus
460 1220 491 1254 a
529 1205 708 1254 ceteris
737 1220 792 1255 se
817 1206 1076 1255 inclamari
1114 1207 1371 1268 sensisset,
1412 1213 1549 1257 ratus
1590 1214 1781 1258 contro-

275 1287 494 1336 versiam
532 1289 842 1353 superiorum
882 1290 1068 1338 dierum
1122 1306 1151 1338 a
1189 1290 1444 1340 Janizaris
1482 1298 1783 1349 renovatam,

273 1371 509 1420 recedere
536 1372 749 1436 quietem
777 1374 1099 1422 obturbantes
1127 1373 1356 1423 iusserat.
1396 1374 1463 1423 At
1502 1392 1607 1425 cum
1635 1377 1785 1425 eiula-

274 1459 375 1503 tum
402 1455 699 1518 ingeminari
726 1457 984 1518 sensisset,
1023 1461 1178 1519 ratus,
1223 1458 1352 1522 quod
1389 1474 1471 1508 res
1513 1465 1636 1519 erat,
1674 1461 1785 1509 dolo

273 1539 446 1588 urbem
473 1543 684 1603 captam,
715 1540 941 1590 discussa
965 1542 1171 1606 crapula
1199 1556 1226 1589 e
1251 1542 1434 1607 ⁴stratis
1462 1543 1660 1605 exsiliit,
1687 1559 1783 1592 am-

275 1623 578 1687 plexatoque
604 1623 773 1685 filiolo,
807 1640 950 1688 quem
977 1641 1039 1674 ex
1054 1624 1312 1689 Vngarica
1337 1625 1426 1674 illa
1439 1641 1593 1675 uxore
1619 1642 1784 1676 susce-

275 1704 452 1770 perat,
476 1707 656 1771 caligis
697 1714 901 1773 repente
939 1709 1150 1769 indutis,
1192 1723 1317 1772 sago
1354 1709 1593 1758 duntaxat
1643 1715 1791 1774 atque

276 1789 447 1853 gladio
487 1796 707 1841 armatus
761 1793 827 1842 ad
864 1798 1117 1842 catervam
1157 1808 1355 1842 suorum
1394 1793 1623 1857 prosiliit·
1676 1794 1795 1842 Mox

277 1875 464 1924 coactis
506 1891 705 1925 suorum
731 1877 1031 1937 cohortibuS,
1071 1877 1121 1926 in
1147 1881 1347 1927 nostros
1373 1877 1562 1940 ingenti
1589 1892 1696 1926 cum
1722 1878 1794 1926 fu-

276 1973 390 2009 rore
414 1959 570 2021 irruit,
596 1976 657 2008 ac
685 1960 883 2010 sublato
912 1961 1141 2022 clamore,
1170 1976 1298 2010 nunc
1323 1975 1464 2021 nunc,
1492 1961 1663 2024 inquit,
1692 1962 1794 2009 ani-

278 2043 371 2092 mis
404 2058 529 2108 opus
569 2048 646 2093 est
684 2044 950 2093 effeminati
989 2044 1303 2106 Musulmani‚
1341 2044 1423 2108 qui
1460 2044 1607 2094 toties
1650 2044 1793 2093 dede-

279 2142 365 2178 cus
402 2127 544 2192 passi
586 2128 796 2193 primum
823 2128 1075 2190 Eilekum,
1116 2145 1230 2179 mox
1259 2127 1562 2190 Strigonium
1601 2144 1795 2193 quoque

276 2211 487 2275 turpiter
517 2210 767 2261 amisistis
799 2211 880 2261 An
912 2228 1011 2262 non
1037 2213 1164 2278 proh
1191 2212 1334 2263 dolor
1348 2211 1443 2261 hoc
1464 2227 1657 2275 quoque
1679 2217 1795 2261 tem-

277 2310 399 2362 pore
424 2296 805 2362 propugnacula
833 2297 1000 2346 omnia
1027 2297 1280 2358 amisistis,
1306 2295 1453 2345 fidem
1478 2295 1718 2358 fregistis,
1746 2301 1795 2345 et

280 2380 411 2444 quod
437 2395 590 2446 saepe
604 2386 752 2430 antea
763 2382 1067 2446 praemonui,
1083 2381 1305 2431 excubiis
1320 2379 1635 2443 negligenter
1655 2381 1794 2441 actis,

277 2464 714 2529 inexpugnabilem
751 2465 880 2514 hanc
920 2481 1115 2530 quoque
1152 2467 1326 2515 urbem
1363 2462 1645 2513 infidelibus
1682 2479 1794 2528 pro-

279 2547 491 2597 didistis.
544 2547 733 2597 Adeste
776 2549 956 2613 igitur,
997 2556 1046 2600 et
1083 2550 1167 2599 vel
1204 2550 1302 2599 iam
1330 2547 1650 2597 Christianos
1677 2546 1793 2595 hinc

199 2667 203 2669 μ
281 2630 551 2692 excludite,
602 2633 684 2681 vel
730 2634 925 2683 fortiter
964 2638 1171 2684 mortem
1212 2631 1490 2697 oppetendo
1529 2631 1791 2681 honestam

278 2715 437 2767 nostri
463 2715 747 2765 memoriam
775 2719 905 2782 apud
929 2723 1159 2783 posteros
1185 2715 1462 2779 relinquite.
1506 2713 1601 2762 His
1641 2719 1790 2779 atque

279 2801 392 2851 aliis
443 2799 686 2848 similibus
727 2800 1154 2852 cohortationibus
1208 2799 1408 2850 excitati
1448 2798 1498 2845 in
1538 2796 1792 2861 Vngaros,

280 2885 364 2949 qui
388 2885 485 2934 iam
511 2883 644 2932 vallo
665 2884 810 2948 potiti
835 2885 1046 2948 fuerant,
1085 2886 1272 2935 furiose
1311 2883 1515 2941 irruunt,
1556 2885 1791 2945 tantoque

281 2966 459 3020 ardore
483 2980 658 3017 manus
685 2980 792 3017 cum
817 2967 880 3017 iis
907 2974 1183 3030 conserunt,
1212 2972 1264 3016 ut
1291 2965 1478 3028 aliquot
1499 2978 1584 3012 eos
1600 2963 1791 3015 vicibus
