2112 3288
431 190 536 247 300
966 215 1031 249 10.
1060 215 1194 248 DEcn
1218 216 1416 250 BARovn

1833 422 1857 430 l

905 425 1137 476 OAPVT
1178 427 1441 477 NONVM.

429 530 505 578 De
543 533 810 580 iuramento
856 532 1093 582 Ordinum
1144 553 1202 583 ac
1242 536 1534 601 Legatorum
1577 534 1916 584 Caesareorum

736 615 976 679 literisque
1002 617 1247 680 Rudolphi
1272 618 1598 682 Imperatoris.

571 731 803 796 Sequenti
842 735 920 783 die
946 734 1183 800 Princeps
1220 737 1270 785 in
1308 736 1523 786 exterius
1548 735 1784 800 palatium
1808 750 1919 800 pro-

429 831 648 879 gressus,
674 818 870 881 prolixa
895 818 1065 868 habita
1091 819 1312 868 oratione
1339 819 1521 868 monuit
1547 819 1676 868 serio
1705 817 1920 869 Ordines

428 913 609 960 omnes,
647 904 699 947 ut
739 900 965 963 quoniam.
1003 903 1157 950 semel
1195 903 1465 951 iuramento
1504 917 1558 950 se
1589 901 1918 951 Romanorum
1991 899 1994 902 ’

427 982 721 1045 Imperatori
747 982 1142 1044 obstrinxissent,
1169 1000 1296 1033 nunc
1322 985 1468 1033 etiam
1491 984 1542 1032 id
1554 983 1782 1033 firmioris
1803 982 1918 1032 fidei

429 1064 591 1127 gratia
615 1065 780 1113 facere
806 1079 902 1113 non
930 1066 1224 1115 dubitarent.
1275 1067 1353 1115 Ita
1390 1067 1595 1130 primum
1621 1064 1918 1125 Consiliarii,

427 1163 540 1196 mox
555 1146 772 1196 Comites
799 1163 980 1209 omnes,
1009 1150 1254 1213 ceterique
1272 1149 1498 1210 Ordines,
1524 1153 1793 1212 praeeunte
1819 1150 1917 1199 De·
1971 1185 1974 1188 -

425 1230 598 1296 metrio
625 1230 882 1294 Napragio
898 1231 1146 1296 Episcopo
1173 1237 1319 1295 atquc
1335 1231 1650 1281 Cancellario
1676 1230 1912 1294 iurarunt,

427 1327 502 1373 se,
543 1299 925 1376 quandocunque
978 1312 1320 1377 Sigismundus
1358 1313 1599 1377 Princeps
1648 1314 1728 1362 vel
1764 1314 1916 1364 vitam

427 1410 532 1443 cum
569 1398 724 1443 morte
763 1400 1133 1457 commutasset,
1172 1397 1253 1444 vel
1291 1402 1465 1460 sponte
1504 1395 1718 1461 Imperio
1758 1396 1946 1445 Tram-

426 1477 684 1542 sylvaniae
724 1477 940 1540 cederet,
981 1479 1238 1528 confestim
1274 1478 1536 1544 Rudolpho
1563 1479 1632 1526 II.
1672 1479 1916 1529 Romano-

425 1576 531 1610 rum
556 1560 850 1624 Imperatori
876 1562 1206 1626 legitimisque
1232 1563 1337 1611 eius
1365 1563 1736 1612 successoribus
1772 1562 1917 1624 fidem

427 1644 766 1708 praestituros,
807 1649 856 1693 et
881 1645 931 1692 in
955 1646 1104 1694 rebus
1145 1646 1366 1695 omnibus
1393 1646 1634 1695 mandatis
1661 1646 1766 1695 eius
1790 1645 1919 1710 pari-

424 1732 578 1787 turoS,
610 1727 870 1775 amicorum
909 1728 1013 1776 eius
1040 1729 1235 1789 amicos,
1274 1728 1574 1778 inimicorum
1598 1714 1818 1778 inimicos
1842 1728 1915 1777 fu-

425 1813 576 1869 turos,
628 1824 719 1857 nec
758 1810 882 1857 clam
930 1825 1020 1858 nec
1055 1812 1234 1874 palam,
1285 1811 1366 1859 vel
1404 1812 1535 1860 facto
1573 1811 1652 1859 vel
1677 1809 1913 1872 consiliiS,

429 1891 687 1954 quicquam
714 1887 952 1940 adversus
993 1908 1101 1941 eum
1126 1893 1392 1953 molituros,
1434 1893 1523 1941 sed
1546 1907 1636 1956 pro
1662 1891 1795 1940 virili
1819 1906 1913 1963 sua

425 1973 647 2022 omnibus
671 1974 774 2022 eius
796 1974 1154 2038 impedimentis
1182 1980 1558 2038 repugnaturos,
1587 1979 1636 2024 et
1650 1989 1908 2039 quamcun-

431 2070 524 2119 que
538 2056 742 2104 formam
764 2058 1134 2118 gubernationis
1148 2058 1425 2118 instituerit,
1442 2057 1520 2106 vel
1533 2073 1622 2122 per
1635 2057 1913 2108 absolutum

429 2139 768 2202 principatum,
795 2139 874 2188 vel
905 2156 994 2204 per
1013 2140 1418 2202 Gubernatorem,
1446 2156 1554 2189 eam
1570 2145 1913 2205 acceptaturos

425 2237 484 2270 ac
509 2222 725 2285 periculo
755 2224 931 2287 capitis
956 2229 1379 2288 propugnaturos:
1408 2224 1615 2287 denique
1631 2224 1794 2274 omnia
1807 2225 1910 2276 eius

427 2308 627 2364 statuta,
655 2320 939 2368 omnemque
966 2307 1266 2355 voluntatem
1280 2311 1546 2356 secuturos.
1574 2305 1696 2355 Cum
1708 2306 1788 2354 his
1804 2321 1915 2356 con-

430 2386 695 2435 ditionibus
721 2387 979 2448 iurassent,
1008 2394 1238 2437 statutum
1265 2394 1356 2447 est,
1383 2393 1435 2437 ut
1462 2390 1694 2437 absentes
1720 2378 1936 2452 quoque

431 2483 599 2518 omnes
637 2474 737 2518 tam
758 2471 1001 2533 equestris
1029 2471 1213 2520 ordinis
1253 2487 1395 2534 quam
1420 2466 1691 2540 {liberarum
1740 2471 1908 2520 civita-

430 2556 532 2601 tum
558 2543 979 2602 Senatore's‘intra
1006 2558 1166 2602 certos
1194 2554 1314 2614 dies,
1344 2554 1432 2602 sub
1447 2569 1608 2618 poena
1621 2553 1912 2618 perduellio-

432 2636 532 2697 nis,
557 2636 686 2685 idem
711 2637 941 2685 facerent.
981 2637 1076 2685 His
1101 2638 1249 2686 rebus
1275 2637 1524 2698 confectis,
1550 2636 1703 2700 legati
1727 2652 1918 2701 quoque

436 2717 686 2781 Caesarei,
715 2718 993 2783 Stephanus
1019 2719 1208 2783 Zuhay,
1234 2720 1471 2769 Nicolaus
1491 2719 1698 2768 Istvanfi
1723 2724 1772 2768 et
1795 2720 1916 2769 Bar-

429 2800 736 2852 tholomaeus
751 2802 975 2863 Pezzius,
1001 2802 1277 2867 aPrincipe
1302 2803 1352 2851 in
1379 2807 1667 2874 conventum
1691 2802 1914 2867 producti

433 2884 714 2945 solenniter,
740 2900 830 2948 per
855 2884 1110 2945 vinculum,
1151 2899 1245 2947 quo
1271 2884 1523 2948 Vngariae
1552 2889 1602 2934 et
1627 2885 1729 2934 eius
1757 2883 1909 2934 Coro-

429 2982 522 3018 nae
573 2972 649 3016 est
698 2968 948 3032 obligatus
988 2965 1191 3029 Caesar,
1230 2968 1461 3035 iurarunt,
1494 2967 1586 3016 hac
1622 2957 1906 3029 conditione,
