2112 3288
863 182 1122 218 nummu.
1505 199 1513 202 -
1589 177 1758 222 LXXV

798 413 945 448 LIBER
962 413 1194 455 QVARTVS.
1679 368 1760 412 ΜΡ

249 499 356 557 Gap.
378 497 411 542 1.
433 498 501 542 De
523 497 738 541 divisione
773 497 1007 552 copiarum,
1043 501 1086 539 et
1106 496 1319 554 colloquio
1354 497 1508 553 Legati
1529 497 1664 541 Tran—

390 569 604 628 sylvanici
623 585 722 613 cum
745 569 907 614 Sinano
953 602 1636 616 ..........
1702 572 1760 615 65

249 642 357 701 Cap.
380 643 439 688 II.
462 642 532 686 ΒΘ
554 648 680 701 capto
706 642 952 700 Vesprimio
1028 674 1638 688 .........
1702 643 1760 686 66

246 714 354 774 Cap.
375 715 455 759 III.
478 716 548 759 De
581 714 805 759 tabellario
827 713 1173 772 Transylvanico
1194 714 1250 758 ad
1264 713 1474 758 Sinanum
1494 716 1638 771 misso,

390 794 441 832 et·
453 787 644 832 consiliis
664 787 1034 831 Temesvariensis
1054 787 1190 830 Basse
1252 818 1635 831 ......
1701 788 1759 830 69

247 859 355 918 Cap.
377 859 454 904 IV.
476 859 546 904 ΒΘ
567 857 939 903 sollicitationibus
961 858 1124 901 Bassae
1145 858 1518 901 Temesvariensis
1552 893 1562 903 .
1626 891 1635 902 .
1703 859 1756 902 71

246 930 356 990 Cap.
377 931 433 975 V.
466 930 537 974 ΒΘ
558 936 685 988 capto
720 928 883 986 Palota,
918 935 961 973 et
994 928 1182 973 dimissis
1208 930 1253 973 in
1278 929 1476 988 hyberna
1498 931 1635 990 copiis

388 1002 599 1057 Tureicis‚
620 1016 673 1045 ac
693 1000 1048 1059 Transylvanicis
1101 1033 1635 1048 ........
1701 1003 1758 1047 72

246 1075 354 1133 Cap.
376 1073 454 1119 VI,
476 1073 546 1117 De
567 1073 674 1116 actis
696 1088 723 1116 a
745 1072 934 1116 Caesare
955 1073 1146 1131 Principi
1167 1073 1471 1132 Transylvano
1493 1074 1647 1132 gratiis
1703 1075 1758 1118 73

247 1146 355 1205 Cap.
378 1145 474 1190 VII.
497 1146 565 1189 De
587 1144 737 1189 Sinani
759 1144 816 1188 ad
834 1144 1099 1202 Belgradum
1120 1145 1272 1202 reditu,
1297 1147 1339 1189 'et
1360 1146 1637 1204 Vngarorum

388 1218 447 1262 ad
465 1217 742 1277 Rudolphum
762 1218 869 1276 Imp.
895 1217 1110 1275 legatione
1183 1251 1637 1265 .......
1703 1219 1760 1263 74

247 1291 354 1350 Cap.
375 1290 497 1335 VIII.
520 1288 590 1334 De
611 1290 887 1348 expeditione
920 1290 1195 1347 Vngarorum
1229 1291 1285 1335 ad
1318 1289 1478 1335 Albam
1499 1306 1636 1350 usque

390 1364 598 1423 Regalem
619 1364 734 1408 facta
808 1397 1635 1413 ............
1702 1366 1758 1410 76

250 1437 360 1497 Cap.
382 1436 461 1484 IX.
483 1437 552 1481 ΒΘ
572 1438 756 1481 victoria
777 1436 1121 1481 Christianorum
1142 1436 1198 1481 ad
1219 1436 1609 1496 Albam-Regalem
1703 1438 1758 1482 78

249 1509 358 1569 Gap.
380 1510 438 1554 X.
461 1509 579 1564 Quid
600 1509 836 1554 Christiani
856 1515 954 1568 post
974 1510 1200 1553 victoriata
1221 1515 1404 1567 egarunt
1485 1543 1495 1553 .
1556 1542 1566 1554 .
1630 1543 1640 1553 .
1704 1511 1762 1554 80

251 1582 356 1640 Cap.
377 1582 457 1626 XI.
481 1581 598 1637 Quid
619 1581 808 1626 Sinanus
829 1581 976 1625 audita
997 1596 1171 1625 suorum
1193 1581 1317 1626 clade
1338 1583 1475 1640 egerit
1557 1615 1566 1626 .
1631 1616 1641 1626 .
1704 1583 1762 1626 82

250 1653 358 1714 Cap.
380 1653 483 1698 XII.
507 1653 624 1709 Quid
645 1654 1016 1697 Temesvariensis
1037 1654 1176 1698 Bassa
1188 1653 1337 1699 audita
1358 1669 1535 1699 suorum
1557 1655 1642 1699 cla-

393 1725 448 1771 de
469 1727 606 1784 egerit
667 1758 1641 1773 ..............
1705 1727 1764 1771 84

802 1847 953 1882 LIBER
969 1845 1194 1889 QVINTVS.

160 1983 162 1986 y
251 1920 359 1980 Gap.
381 1921 416 1965 1.
438 1920 508 1965 ΒΘ
529 1926 656 1980 capta
676 1920 845 1977 Fileko,
867 1926 910 1964 et
929 1921 1026 1964 aliis
1048 1921 1233 1977 arcibus,
1255 1938 1282 1966 a
1305 1922 1564 1967 Christianis
1627 1957 1640 1970 .
1705 1923 1761 1966 86

253 1993 439 2052 Cap.11.
463 1994 587 2049 Quae
608 1994 790 2037 consilia
811 1994 999 2039 Sinanus
1013 1993 1160 2038 audito
1183 1994 1529 2039 Christianorum
1551 2010 1643 2039 suc-

397 2080 524 2110 cessu
548 2067 777 2123 agitaverit
818 2099 828 2109 .
891 2099 902 2109 .
1114 2076 1124 2086 ·
1188 2099 1644 2113 .......
1707 2069 1763 2111 88

254 2137 360 2197 Cap.
380 2137 459 2182 111.
483 2137 633 2183 Oratio
654 2137 914 2182 Mahumetis
947 2137 1004 2182 ad
1028 2138 1275 2196 Principem
1296 2138 1645 2197 Transylvanum

397 2215 572 2255 versuta
663 2243 1642 2257 ..............
1706 2213 1760 2254 91

254 2281 361 2341 Cap.
385 2282 462 2326 IV.
483 2282 553 2326 De
573 2283 792 2339 Zechinio,
814 2289 857 2327 et
877 2283 973 2327 aliis
987 2282 1245 2342 quibusdam
1258 2283 1464 2328 arcibus
1451 2300 1497 2327 in
1520 2283 1643 2328 Chri-

398 2355 633 2399 stianorum
654 2361 910 2414 potestatem
934 2356 1122 2400 redactis
1185 2389 1641 2403 .......
1706 2358 1763 2400 92

255 2427 363 2488 Cap.
386 2429 440 2474 V.
462 2428 642 2474 Palffius
675 2431 822 2488 copias
856 2429 1068 2474 reducens
1102 2435 1287 2488 quatuor
1307 2445 1431 2474 arces
1452 2445 1534 2475 nec
1555 2431 1645 2488 opi-

396 2506 498 2546 nato
519 2502 637 2559 capit
734 2533 1642 2549 .............
1706 2502 1764 2545 94

255 2572 362 2631 Cap.
384 2572 460 2617 VI.
481 2573 551 2617 ΒΘ
572 2573 696 2617 clade
717 2589 877 2630 eorum,
898 2574 972 2632 qui
1004 2574 1249 2617 Ieniensem
1269 2588 1416 2617 arcem
1438 2578 1646 2631 ceperunt
1707 2574 1766 2617 95

256 2643 365 2704 Cap.
387 2645 485 2690 VII.
505 2646 576 2690 ΒΘ
597 2646 748 2691 Sinani
769 2646 960 2690 consiliis
982 2652 1080 2705 post
1100 2645 1269 2690 cladem
1289 2652 1514 2705 acceptam
1558 2677 1569 2689 .
1633 2678 1643 2688 .
1705 2645 1763 2688 97

257 2717 363 2775 Cap.
384 2717 504 2762 VIII.
523 2718 594 2762 De
615 2720 798 2765 comitiis
831 2718 1047 2778 Rudolphi
1080 2719 1358 2779 Imperatoris
1380 2718 1643 2763 Ratisbonae

402 2789 630 2834 celebratis
668 2823 1644 2839 ..............
1707 2790 1764 2834 99

257 2862 364 2921 Cap.
387 2862 469 2907 IX.
489 2862 560 2907 De
581 2862 809 2922 Sti-igonio,
831 2870 874 2908 et
894 2864 1111 2923 Hatvano‚
1137 2880 1164 2908 a
1198 2862 1454 2908 Christianis
1477 2876 1641 2920 oppug-

400 2935 513 2979 natis
603 2966 1643 2983 ...............
1679 2934 1766 2982 100

257 3007 365 3074 Gap.
388 3006 446 3057 X.
468 3007 539 3052 ΒΘ
560 3007 683 3058 clade
707 3007 1019 3061 Rascianorum
1053 3006 1494 3062 Beczkerekiensium
1557 3039 1567 3052 .
1632 3040 1642 3052 .
1678 3007 1763 3055 102
