2112 3288
742 1084 1228 1137 TARTALOM.

911 1205 1068 1212 ——

1577 1254 1660 1298 Lap

226 1323 356 1367 Densi
377 1323 517 1368 Jdnoe
539 1307 657 1368 E’lete
678 1326 720 1368 6⁸
743 1326 938 1368 Munka'i.
960 1326 1246 1369 Bevezetesiil
1290 1359 1296 1366 .
1422 1359 1432 1369 .
1499 1360 1508 1369 .
1573 1358 1581 1367 .
1705 1325 1746 1367 V

225 1394 446 1453 stqqeldk.
467 1420 527 1427 —
548 1395 584 1440 Ι.
606 1395 823 1440 Praefatio
846 1396 903 1439 ad
935 1396 1140 1440 lectorem
1178 1395 1456 1454 Adagiorum.

808 1468 919 1512 1588
1034 1500 1479 1512 .......
1543 1469 1746 1511 XXXVI

344 1539 403 1582 II.
426 1538 676 1583 Tristichon
691 1539 746 1582 ad
761 1539 1018 1584 Michaelem
1042 1541 1344 1598 Forgachium.
1363 1542 1478 1585 1589
1619 1541 1747 1583 XLV

343 1610 424 1654 ῙΠ.
443 1610 639 1669 Epistola
658 1611 703 1653 in
725 1612 866 1669 capite
895 1611 1190 1670 Syntagmatis
1213 1613 1339 1658 Iuris.
1359 1613 1472 1656 1593
1597 1613 1746 1655 XLVI

341 1682 418 1738 IV.
439 1681 657 1743 Praefatio
677 1683 723 1726 in
745 1683 986 1741 Syntagma
1006 1685 1132 1728 Iuris.
1161 1685 1275 1728 1593
1358 1718 1368 1728 .
1431 1721 1440 1731 .
1521 1719 1529 1728 .
1592 1685 1744 1728 XLIX

360 1755 414 1799 V.
435 1754 748 1813 Fragmentum
772 1771 796 1799 e
823 1757 1012 1814 Synopsi
1026 1756 1341 1815 Philosophiae.
1360 1758 1476 1802 1595
1617 1757 1746 1799 LXII

348 1825 426 1870 VI.
467 1825 712 1870 Elsbeszed
745 1843 772 1870 a
810 1843 994 1886 magyar
1015 1828 1341 1873 Sallustiushoz.
1369 1829 1484 1872 1595
1594 1828 1747 1872 LXIII

345 1897 442 1942 VII.
465 1898 661 1956 Epistola
681 1899 738 1942 ad
757 1900 967 1945 Ioannem
989 1901 1258 1958 Telegdium.
1285 1901 1399 1944 1598
1549 1901 1629 1943 LX
1637 1900 1744 1943 VIII

221 2018 398 2063 loannis
430 2019 558 2062 Decii
589 2019 773 2082 Βανουίἰ
807 2019 1215 2065 Commentariorum
1248 2021 1299 2065 de
1332 2021 1473 2065 Rebus
1519 2021 1744 2079 Vnyaricz's

774 2092 898 2135 Libri
918 2094 991 2149 qui
1011 2100 1188 2136 exstant.

218 2156 435 2218 Ptaefstio
458 2173 514 2218 ad
533 2172 867 2219 Serenissimum
895 2176 1144 2235 Principem
1182 2177 1509 2235 Sigismundum
1570 2210 1579 2220 .
1642 2211 1651 2220 .
1713 2179 1741 2222 3

796 2296 945 2330 LIBER
962 2296 1155 2331 PRIMVS.

220 2365 325 2424 Cap.
346 2366 381 2411 I.
403 2366 474 2410 De
494 2366 694 2411 Instituto
716 2367 844 2411 huius
865 2368 1059 2412 Decadjs
1080 2369 1288 2413 Decimae
1344 2404 1650 2417 .....
1685 2373 1737 2415 11

52 2432 67 2498 ζ’
140 2474 145 2481 .,
219 2437 326 2495 Cap.
347 2437 404 2481 Π.
425 2438 495 2482 De
517 2437 640 2482 clade
662 2438 904 2483 Turcarum
926 2440 983 2484 ad
1010 2441 1207 2485 Sisecum
1271 2475 1647 2488 ......
1685 2445 1739 2488 12

215 2507 320 2567 Cap.
348 2509 427 2552 111.
451 2509 520 2552 De
541 2509 665 2553 clade
699 2510 871 2554 Hazoni
904 2513 1068 2556 Bassae
1104 2519 1339 2571 postrema,
1374 2530 1485 2573 quae
1519 2517 1648 2559 totius

361 2580 465 2625 belli
487 2581 679 2627 Sinanici
702 2583 834 2627 causa
855 2586 1069 2629 exstiterit
1117 2619 1646 2634 ........
1682 2589 1737 2633 15

746 2704 898 2757 mmm
923 2705 1190 2742 SECVNDVS.

219 2772 325 2832 Cap.
346 2772 381 2817 Ῑ.
401 2773 472 2818 De
492 2773 617 2827 clade
637 2775 853 2822 Sisecensi
876 2777 1296 2838 Constantinopolim
1331 2779 1497 2837 perlata
1558 2814 1568 2824 .
1633 2812 1643 2823 .
1681 2780 1735 2823 18

216 2843 402 2905 Qap.,11.
422 2845 493 2899 ΒΘ,
513 2848 650 2898 amita.
661 2848 863 2902 Caesaris
885 2866 985 2896 eum
1005 2851 1063 2896 ad
1083 2851 1246 2896 bellum
1267 2857 1418 2896 contra
1438 2850 1644 2895 Christia-

360 2933 440 2963 nos
462 2920 681 2970 excitante
746 2955 1639 2970 .............
1675 2924 1730 2967 19

217 2989 326 3050 Cap.
349 2990 428 3036 ΙΙΙ.
449 2992 519 3038 De
540 2991 655 3044 bello
688 2994 734 3039 in
758 2993 1026 3043 Christianos
1047 3013 1075 3042 a
1097 2997 1285 3044 Caesare
1319 2995 1491 3040 decreto
1555 3029 1566 3042 .
1628 3029 1637 3039 .
1669 2996 1728 3040 20
