2112 3288
190 317 222 350 a,
245 295 517 348 venerabili
539 304 683 363 patre
696 300 946 366 Episcopo
961 302 1124 352 sancti
1139 302 1325 360 Severi,
1352 313 1527 358 nostro
1553 312 1685 374 apud

186 388 236 435 te
258 381 549 449 Apostolico
576 384 752 433 nuncio
773 384 824 433 id
853 400 1092 450 expresse
1119 393 1168 437 et
1182 389 1366 439 diserte
1393 392 1457 441 ad
1470 408 1561 443 nos
1574 409 1685 458 per·

186 466 420 532 scriptum
445 471 536 526 est,
563 483 706 532 quem
732 474 781 517 et
804 470 950 519 nobis
975 470 1183 534 fidelem,
1218 478 1266 522 et
1302 474 1375 523 tui
1413 477 1684 529 studiosum

128 575 130 577 v
184 551 380 614 scimus,
406 567 565 618 neque
591 553 692 603 ullo
718 554 860 603 modo
886 555 938 604 in
977 555 1175 606 dubium
1201 572 1383 609 vocare
1407 575 1684 626 possumus,

184 635 300 702 quia
323 635 410 687 ille
436 636 500 686 ad
525 652 615 686 nos
642 637 702 687 de
740 644 840 687 tam
878 640 1024 701 gravi
1050 657 1105 690 re
1131 642 1346 708 scripsit,
1386 660 1448 694 ex
1476 660 1562 696 ore
1599 653 1684 699 tuo

182 721 453 787 accepisse.
480 721 619 783 Quae
646 738 753 773 cum
781 724 851 774 ita
878 739 934 774 se
960 725 1190 786 habeant,
1229 743 1337 777 cum
1363 729 1684 796 multiplicem

179 808 323 861 huius
348 809 422 883 rei
446 812 620 873 gestae
646 809 1002 859 absurditatem
1030 826 1091 859 ex
1117 812 1248 860 omni
1272 819 1431 877 parte,
1457 831 1519 865 ne
1546 821 1676 867 atro-

180 895 378 947 citatem
404 893 636 955 dicamus,
674 894 783 960 ipse
822 894 1041 944 videas:v
1072 901 1121 945 te
1158 896 1334 947 iterum
1384 915 1443 948 ac
1482 902 1682 968 saepius

113 982 115 984 ’
178 994 427 1046 rogamus,
451 984 506 1029 ut
529 978 608 1028 his
633 978 969 1041 incommodis,
1005 995 1132 1044 quae
1157 983 1445 1045 necessaria
1471 991 1585 1036 sunt
1609 1002 1684 1037 re-

185 1064 360 1127 media,
387 1063 743 1129 quamprimum
770 1063 1037 1128 adhibeas3
1063 1063 1345 1132 Principem
1371 1067 1681 1135 T-ransylva-

184 1167 311 1214 num,
338 1150 580 1201 sororium
606 1155 754 1211 tuum,
797 1149 891 1199 tibi
917 1149 1178 1213 addictum,
1216 1157 1431 1219 tuaeque
1470 1157 1682 1208 benevo-

7 1297 9 1299 ,
187 1235 370 1287 lentiae
397 1235 635 1301 cupidum,
673 1241 756 1285 tuo
782 1236 1055 1300 patrocinio
1082 1236 1274 1300 foveas,
1318 1244 1403 1289 aut
1441 1247 1573 1292 certe
1602 1242 1679 1292 illi

0 1337 7 1380 ζι
179 1339 241 1373 ne
277 1337 490 1384 noceas,
540 1322 634 1370 imo
680 1321 771 1371 toti
810 1319 1125 1387 Christianae
1171 1323 1501 1391 reipublicae;
1555 1343 1680 1377 neve

180 1407 369 1460 Christi
392 1407 605 1458 hostium
633 1421 833 1456 causam
870 1407 972 1456 ulla
1007 1406 1199 1457 ratione
1238 1407 1485 1460 subleves.
1537 1410 1680 1473 Quod

178 1494 343 1560 siquid
368 1492 736 1564 controversiae
775 1507 882 1541 cum
910 1489 1224 1555 Sigismundo
1250 1492 1482 1561 Principe
1508 1494 1679 1559 habes,

177 1584 261 1631 aut
300 1578 488 1644 aliquid
514 1578 577 1627 ab
617 1593 676 1626 eo
715 1576 986 1638 desideras,
1025 1576 1076 1624 id
1114 1576 1179 1626 ad
1215 1593 1320 1640 nos,
1360 1578 1454 1628 hoc
1491 1586 1568 1630 est
1616 1582 1681 1632 ad

176 1663 377 1715 Patrem
413 1668 548 1714 tuum
586 1662 975 1711 amantissimum
1014 1662 1227 1712 deferas.
1282 1661 1407 1725 Scis,
1446 1670 1559 1715 tuas
1595 1682 1679 1717 res

176 1750 314 1801 cordi
338 1750 482 1799 nobis
510 1764 649 1799 esse:
677 1749 890 1798 maxime
905 1763 1162 1812 speramus
1180 1748 1289 1798 Deo
1305 1754 1506 1800 auctore
1531 1736 1679 1803 facile

173 1835 282 1887 fieri
329 1850 508 1902 posse,
553 1840 607 1884 ut
645 1833 895 1883 commode
947 1833 1115 1898 aliqua
1154 1834 1282 1883 ratio
1320 1834 1542 1900 ineatur,
1582 1852 1680 1902 qua

173 1924 301 1975 inter
338 1937 429 1972 vos
466 1938 567 1987 pax
605 1926 654 1985 et
697 1919 1033 1985 tranquillitas
1074 1925 1409 1981 conservetur,
1464 1927 1512 1970 et
1550 1922 1678 1973 inter

171 2014 285 2059 tuos
323 2009 508 2058 fratres
545 2005 674 2055 filios
713 2010 911 2054 nostros
950 2020 1071 2054 vera
1110 2005 1374 2056 concordia
1413 2007 1706 2070 coalescat,.

173 2094 428 2158 omnisque
454 2092 598 2142 radix
625 2091 967 2141 amaritudinis
994 2106 1056 2139 ex
1083 2105 1250 2140 eorum
1277 2091 1452 2140 animis
1477 2093 1675 2157 penitus

176 2179 430 2231 evellatur.
469 2177 614 2227 Haec
651 2177 716 2226 ad
753 2181 817 2238 te,
858 2174 943 2234 fili,
995 2174 1152 2225 libere
1203 2181 1252 2225 et
1290 2182 1462 2241 aperto
1512 2179 1676 2228 cordis

172 2266 296 2329 sinu,
323 2264 413 2315 sed
438 2269 572 2314 certe
600 2257 823 2313 dolenter
850 2261 1153 2327 scripsimus,
1193 2262 1308 2327 quia
1348 2266 1398 2311 te
1438 2279 1675 2325 amamus,

171 2356 225 2402 et
262 2349 323 2399 de
360 2353 443 2399 tuo
480 2347 667 2397 honore
706 2362 766 2395 ac
803 2345 963 2396 solida
998 2345 1213 2395 utilitate
1252 2345 1452 2396 solliciti
1483 2362 1670 2410 sumus.

179 2438 260 2487 Tu
284 2450 340 2486 re
364 2435 477 2501 ipsa
514 2432 733 2494 ostende,
772 2436 821 2481 te
859 2431 933 2481 sic
970 2431 1057 2480 illa
1098 2431 1341 2496 accipere,
1380 2432 1451 2482 uti
1477 2448 1508 2481 a
1531 2439 1675 2499 patre

177 2521 378 2586 scripta,
415 2519 500 2582 ita,
531 2524 586 2568 ut
610 2522 809 2568 nostras
835 2522 1073 2582 paternas
1101 2522 1150 2566 et
1176 2516 1424 2567 salutares
1452 2517 1673 2568 cohorta-

173 2606 348 2667 tiones,
376 2605 582 2655 aliorum
606 2604 765 2654 minus
792 2603 890 2668 piis
918 2602 1140 2652 consiliis
1155 2602 1349 2652 omnino
1378 2607 1669 2667 anteponas,

173 2691 356 2743 Cetera
381 2690 474 2740 hoc
512 2690 573 2739 de
598 2703 782 2753 genere
819 2688 1059 2752 intelligis
1100 2689 1163 2736 ab
1204 2688 1375 2737 eodem
1401 2688 1667 2752 Episcopo,

140 2838 143 2845 q
173 2784 223 2828 et
247 2776 423 2827 nuncio
438 2774 570 2840 apud
580 2779 630 2823 te
654 2779 839 2835 nostro,
862 2774 939 2824 cui
965 2773 1024 2822 de
1040 2787 1175 2822 more
1203 2772 1348 2821 fidem
1376 2787 1568 2822 omnem
1583 2770 1670 2820 ha-

164 2855 322 2924 betis,
349 2860 556 2927 perinde
581 2876 640 2909 ac
665 2859 809 2909 nobis
836 2859 975 2925 ipsis.
1006 2859 1189 2908 Datum
1206 2857 1395 2906 Romae
1412 2857 1509 2906 Die
1525 2856 1668 2906 VIII.
1705 2866 1714 2876 ·

166 2947 491 3008 Novembris,
520 2945 663 2995 Anno
691 2943 1017 2994 Pontificatus
1044 2942 1201 2993 nostri
1227 2947 1415 3005 quarto.

0 151 20 401 ἓ
99 209 106 214 ,
574 182 638 215 DE
663 183 772 217 REB.
800 183 915 218 vNG.
945 185 1055 218 nnc,
1085 186 1130 221 x,
1157 187 1199 220 L.
1227 190 1274 222 x.
1501 199 1509 203 ·
1578 178 1698 230 2451

0 2499 14 2515 ,ι-
0 2400 14 2492 ’ft—”⁷
0 2326 15 2385 *⁰⁹5
