2112 3288
0 115 43 963 **mawm-mmqu⁴mw
16 91 18 95 v

0 2151 7 2179 w·
0 1728 25 2138 *vs-txwzezfflwqwucrpwffln
5 1701 10 1706 ι
0 1683 5 1690 x
3 1650 6 1651 =

618 209 683 243 nn
709 208 817 242 nen.
843 206 955 242 vno.
982 207 1153 242 mcx,
1182 208 1227 241 1...
1256 208 1321 242 v1.
1541 236 1548 238 -
1650 195 1749 254 127

660 397 895 455 OAPVT
948 395 1328 446 SEPTIMVM.

311 533 389 582 De
415 531 661 595 Principis
689 530 756 578 ad
784 527 996 579 Ordines
1024 528 1183 594 Requi
1197 528 1349 577 literis
1376 526 1682 590 eiusdemque

530 614 892 678 Claudiopolim
930 616 981 662 in
1017 613 1212 661 comitia
1239 612 1461 659 advemn.

382 747 623 812 Princeps
661 761 768 796 cum
793 745 966 810 paucis
1005 742 1361 794 Familiaribus
1387 743 1482 791 iter
1534 744 1750 793 Kovari-

241 849 353 884 num
380 847 556 882 versus
581 832 857 895 ingressus,
885 828 1071 892 nequid
1095 832 1297 892 praeter
1330 827 1559 876 decorum
1600 828 1754 890 digni-

241 917 361 968 tatis
387 931 507 966 suae
532 915 782 964 videretur
807 913 991 974 facere,
1021 913 1066 961 K
1076 912 1277 976 apliano
1318 911 1540 975 patentia
1567 913 1631 960 ad
1658 927 1754 961 om-

238 999 519 1064 nes-Regni
544 998 763 1049 Ordines
809 997 1079 1063 diplomata
1107 996 1458 1061 promulgavit,
1498 995 1548 1043 in
1577 996 1754 1060 quibus

239 1084 575 1135 nullamaliam
583 1098 699 1132 esse
710 1097 802 1132 cau
810 1097 916 1131 sam
931 1082 1250 1142 demonstrat,
1261 1082 1323 1130 ob
1340 1095 1485 1144 quam
1500 1079 1755 1130 Thordam

235 1170 287 1219 in
311 1169 596 1234 generalem
611 1173 915 1229 conventum,
941 1167 1012 1217 uti
1026 1183 1089 1216 ex
1103 1171 1307 1216 senatus
1335 1166 1560 1216 consulto
1588 1170 1741 1215 statu·

238 1259 339 1305 tum
355 1259 477 1310 erat,
488 1270 586 1304 non
599 1252 806 1316 venerit,
824 1268 966 1317 quam
978 1253 1107 1316 quod
1117 1256 1255 1301 certo
1265 1251 1567 1315 cognoverit.
1584 1251 1753 1315 priora

240 1338 301 1388 de
325 1337 594 1388 reiiciendo
619 1337 822 1388 foedere
851 1337 1079 1398 'Furcic0,
1113 1352 1342 1400 novoque
1377 1351 1482 1385 cum
1511 1333 1752 1385 Christia-

242 1423 321 1472 nis
347 1422 616 1474 sanciendo
654 1426 842 1472 statuta
881 1422 1258 1485 deliberataque
1299 1421 1362 1469 ab
1397 1421 1459 1469 iis
1498 1420 1753 1469 immutata

237 1522 410 1557 rursus
436 1505 564 1557 esse.
591 1506 808 1556 Proinde
835 1506 1061 1555 viderent
1088 1506 1235 1555 etiam
1264 1509 1414 1569 atque
1443 1505 1605 1565 etiam,
1634 1504 1751 1568 quid

241 1595 462 1655 agerent,
489 1596 539 1640 et
564 1606 649 1640 cur
678 1607 708 1639 a
733 1589 985 1655 prioribus
1013 1589 1238 1639 consiliis
1255 1589 1606 1650 desciscerent,
1622 1590 1748 1638 bene

238 1674 617 1741 perpenderent.
674 1673 866 1734 Quodsi
894 1674 1025 1723 enim
1049 1674 1290 1723 Barbaris
1324 1688 1514 1731 rursus
1543 1671 1751 1722 Christi-
1789 1707 1791 1709 ι

238 1759 419 1824 anique
443 1758 654 1809 nominis
680 1759 908 1808 hostibus
924 1758 1356 1817 adhaerescerent,
1384 1761 1433 1805 et
1454 1772 1581 1821 quae
1596 1757 1751 1806 semel

241 1844 485 1894 communi
522 1830 728 1894 consilio
768 1843 1074 1903 statuissent,
1117 1858 1290 1892 rursus
1325 1858 1386 1891 ea
1422 1841 1751 1890 rescindenda

236 1929 523 1990 iudicarent,
552 1928 658 1979 eius
684 1944 740 1978 se
765 1929 840 1978 rei
866 1933 1115 1978 auctorem
1128 1927 1358 1991 unquam,
1387 1942 1478 1975 nec
1504 1927 1749 1975 fautorem

237 2014 468 2075 futurum,
493 2028 655 2078 neque
682 2013 830 2063 etiam
857 2013 908 2061 in
934 2012 1131 2061 comitia
1166 2027 1332 2061 eorum
1366 2016 1623 2060 venturum
1650 2025 1748 2059 om-

239 2098 355 2149 nino
383 2113 512 2148 esse.
538 2098 634 2147 His
660 2097 819 2147 literis
845 2097 896 2146 in
923 2102 1166 2147 conventu
1185 2097 1343 2157 lectis,
1371 2095 1496 2145 mira
1522 2095 1747 2160 protinus

239 2183 511 2232 animorum
537 2182 742 2232 mutatio
770 2187 942 2232 secuta
967 2186 1059 2241 est,
1098 2186 1148 2230 et
1186 2182 1445 2230 multorum
1473 2179 1748 2230 sententiae

238 2267 291 2316 in
331 2267 532 2316 diversa
571 2267 757 2316 abiere.
798 2266 1037 2316 Nonnulli
1076 2266 1204 2316 enim
1242 2265 1533 2330 praesertim
1559 2263 1743 2329 praeci-

241 2364 464 2416 puorum,
503 2350 556 2399 id
581 2349 855 2400 Ordinibus
893 2349 1059 2413 Regni
1096 2349 1387 2410 suadebant,
1427 2354 1480 2397 ut
1518 2348 1747 2411 quoniam

241 2433 482 2500 Princeps
507 2434 785 2485 inconsulto
825 2435 1073 2496 discessit,
1112 2435 1220 2494 iret,
1262 2448 1357 2497 quo
1396 2433 1563 2494 vellet,
1604 2432 1746 2496 eique

240 2517 368 2567 alius
394 2519 792 2578 substitueretur.
823 2517 947 2568 Cum
972 2518 1111 2579 haec,
1140 2522 1189 2566 et
1213 2519 1368 2566 multa
1406 2517 1505 2566 alia
1545 2514 1622 2564 his
1649 2533 1745 2565 non

239 2601 502 2663 absimilia,
544 2618 670 2666 quae
710 2618 808 2652 non
846 2617 1053 2652 necesse
1094 2602 1320 2651 duximus
1348 2599 1511 2649 omnia
1538 2615 1744 2649 comme-

239 2701 448 2747 morare,
475 2703 506 2735 a
531 2687 904 2752 praecipuorum
945 2686 1194 2736 nonnullis
1232 2687 1400 2750 palam
1439 2684 1744 2753 dicerentur:

239 2775 346 2820 tota
369 2770 476 2819 fere
501 2771 754 2836 nobilitas,
781 2788 888 2822 cum
917 2771 1116 2829 Siculis,
1145 2787 1204 2821 ac
1233 2770 1514 2820 Saxonibus
1540 2783 1635 2817 uno
1658 2783 1744 2817 ore

246 2853 547 2903 conclamat:
575 2853 855 2920 Principem
883 2856 1143 2905 confestim
1173 2870 1285 2904 esse
1312 2852 1658 2911 revocandum,
1685 2867 1744 2900 eo

241 2937 454 2987 comitiis
480 2937 810 3002 praesidente,
839 2940 899 2989 de
927 2941 1078 2989 rebus
1117 2939 1344 2987 omnibus
1372 2921 1743 2985 deliberandum

237 3022 450 3082 tandem,
490 3021 899 3087 statuendumque
936 3038 1064 3074 esse.
1129 3023 1241 3072 Non
1280 3021 1407 3070 enim
1442 3035 1554 3069 sese
1592 3019 1742 3068 alium
