2112 3288
460 174 526 223 60
976 192 1039 224 10.
1069 192 1201 225 1111011
1226 193 1421 227 BARovn

454 306 660 369 legibus,
688 322 746 356 ac
771 308 986 357 libertati
1012 323 1129 358 suae
1154 309 1437 371 tribuerent,
1464 312 1543 359 vel
1581 316 1680 360 tum
1708 311 1830 360 satis
1857 326 1935 361 su-

451 407 634 455 perque
663 392 966 452 declarasse,
1017 409 1123 442 cum
1162 395 1494 459 superioribus
1533 396 1596 444 ad
1637 395 1931 446 Varsoviam

453 475 649 524 creandi
674 476 789 526 novi
813 477 946 540 regis
974 477 1194 538 comitiis,
1223 478 1418 527 Turcae
1444 479 1677 542 LegatUS,
1721 479 1939 529 Mustafa

460 558 720 621 ChausiUS,
749 561 829 624 qui
843 576 901 609 eo
927 561 1133 619 nomine,
1160 566 1213 610 ut
1239 561 1299 610 de
1325 562 1550 625 eligendo
1576 579 1696 626 rege
1723 561 1958 631 Ordines,

455 644 752 708 appellaret,
781 659 838 692 eo
863 649 1076 704 venerat,
1101 645 1294 693 nonnisi
1320 645 1491 706 electo,
1539 646 1945 713 proclamatoque
2020 635 2025 639 ’

452 727 547 777 iam
575 743 707 790 rege,
747 728 1005 791 solutoque
1030 743 1209 791 magna
1233 743 1294 777 ex
1318 734 1460 793 parte
1483 735 1734 791 conventu,
1779 731 1844 780 sit
1868 732 1932 781 ab

455 811 527 861 eis
554 811 752 860 auditus
770 811 794 860 ἶ)
821 812 879 860 Ι11
906 826 977 872 eo,
1005 812 1133 875 quod
1158 827 1253 861 non
1280 819 1540 877 exspectas
1567 815 1630 863 ab
1669 815 1754 875 eis,
1780 815 1934 864 muni-

451 897 571 945 ficos
598 911 652 945 se
679 896 949 960 praebent:
977 895 1267 959 quodvvelis,
1292 896 1343 944 id
1366 907 1550 961 negant
1574 897 1780 962 petenti;
1807 886 1954 948 satisv

452 995 566 1029 esse
593 980 783 1041 ducunt,
812 979 855 1028 si
881 980 1069 1028 salvum
1107 996 1138 1029 a
1175 995 1228 1029 se
1270 980 1522 1040 dimittant,
1549 997 1660 1031 raro
1688 983 1791 1033 sine
1819 998 1926 1032 ver-

450 1065 619 1114 borum
646 1064 844 1126 aculeis,
873 1069 922 1113 et
945 1080 1043 1114 non
1070 1065 1236 1128 aliqua
1267 1065 1531 1129 ignominia
1554 1071 1783 1117 notatum.
1832 1068 1933 1116 Me·

451 1147 549 1197 reri
576 1147 760 1212 aliquid
784 1148 833 1199 in
860 1163 1025 1198 eorum
1050 1149 1275 1211 gratiam,
1326 1149 1528 1212 perinde
1565 1156 1655 1207 est,
1705 1167 1764 1200 ac
1802 1151 1844 1200 si
1882 1150 1934 1199 id

450 1235 636 1280 tantum
663 1247 800 1295 agas,
829 1231 958 1295 quod
981 1233 1078 1281 iam
1105 1236 1268 1280 actum
1294 1236 1394 1281 est:
1422 1238 1568 1296 grata
1592 1233 1663 1282 eis
1689 1235 1823 1283 nulla
1846 1234 1933 1284 be-

455 1315 628 1364 neficia
654 1321 777 1377 sunt,
804 1316 898 1364 nisi
926 1331 999 1378 ea,
1028 1331 1153 1379 quae
1180 1331 1287 1364 cum
1327 1317 1501 1366 damno
1541 1332 1707 1367 eorum
1743 1317 1877 1380 fiunt,
1904 1335 1934 1368 a

453 1399 628 1463 quibus
656 1400 981 1450 conferuntur.
1011 1399 1256 1450 Moldavis
1282 1400 1392 1450 istis
1418 1400 1601 1450 nostris
1616 1401 1933 1467 viciniS,quo-

452 1499 558 1532 rum
606 1484 744 1548 regio
770 1485 1103 1534 Barbarorum
1128 1484 1395 1533 incursioni
1421 1485 1563 1534 nimis
1589 1491 1667 1535 est
1692 1486 1932 1551 exposita,

450 1566 688 1618 Caesaris
713 1570 864 1632 iussu,
890 1570 1048 1619 iustas
1088 1569 1256 1633 copias
1295 1584 1444 1634 saepe
1483 1570 1664 1620 auxilio
1697 1570 1929 1632 misimus,

448 1667 631 1716 eosque
656 1658 788 1703 tutos
814 1654 1052 1703 hactenus
1067 1653 1341 1717 apericulis
1355 1655 1705 1718 praestitimus,
1719 1655 1941 1706 hostium>

447 1736 592 1785 etiam
616 1737 833 1802 ipsorum
864 1737 1185 1799 confessione,
1238 1738 1413 1802 quibus
1451 1753 1547 1787 non
1585 1739 1793 1800 Turcae,
1843 1739 1932 1789 sed

447 1819 785 1885 Transylvani
810 1826 996 1870 tantum
1024 1837 1132 1871 eum
1157 1826 1396 1870 terrorem
1420 1822 1670 1883 incutiunt,
1696 1827 1749 1872 ut
1774 1823 1836 1872 ab
1862 1823 1931 1872 in-

446 1904 672 1953 festanda
699 1920 757 1953 ea
782 1904 1041 1969 provincia
1066 1905 1357 1954 abstineant.
1369 1903 1466 1954 Sed
1481 1906 1597 1970 quid
1609 1911 1708 1956 tum
1720 1904 1932 1972 postea?

447 2004 510 2036 an
534 1986 611 2036 his
639 1988 813 2037 officiis
852 1988 1051 2037 adducti
1112 1987 1375 2052 aliquando
1415 2005 1472 2038 eo
1513 1995 1649 2052 sunt,
1699 1994 1752 2040 ut
1787 1989 1928 2038 iustis

442 2072 756 2136 quantumvis
793 2073 979 2121 nostris
1017 2073 1282 2137 postulatis
1321 2074 1479 2123 locum
1514 2074 1723 2123 darent?
1749 2075 1852 2124 Imo
1878 2072 1931 2121 id

446 2172 612 2207 sumus
639 2156 867 2218 assecuti,
894 2162 946 2206 ut
971 2157 1021 2205 in
1046 2172 1136 2206 nos
1162 2157 1273 2206 odio
1298 2157 1499 2218 incensi,
1528 2159 1656 2222 quod
1681 2157 1830 2206 armis
1844 2156 1928 2205 ali-

446 2241 561 2306 quid
586 2243 852 2301 valeamUS,
879 2241 950 2290 ita
977 2241 1208 2290 detonsos
1235 2256 1325 2291 nos
1354 2242 1566 2305 cupiant,
1604 2246 1657 2290 ut
1680 2245 1941 2304 tamquam

444 2324 655 2375 Valachi
680 2325 791 2389 ipsi,
820 2330 868 2373 et
893 2324 1109 2373 Moldavi
1137 2325 1199 2373 ab
1228 2325 1300 2374 eis
1327 2324 1554 2373 devexati
1581 2323 1928 2388 consumptive,

444 2408 526 2473 qui
551 2407 648 2456 iam
673 2408 757 2456 vix
780 2408 1006 2472 spiritum
1023 2408 1213 2468 ducunt,
1229 2408 1490 2473 opportuni
1515 2407 1736 2456 omnibus
1763 2422 1928 2456 eorum

443 2492 634 2541 iniuriis
662 2491 946 2561 existamus.
999 2492 1216 2554 Magnae
1254 2491 1326 2540 eis
1367 2491 1429 2539 ab
1469 2490 1605 2541 initio
1645 2506 1788 2541 curae
1825 2490 1927 2551 fuit,

446 2575 682 2641 quomodo
709 2575 1127 2639 Transylvaniam
1161 2580 1484 2640 occuparent,
1538 2575 1647 2624 dum
1684 2575 1734 2623 in
1760 2589 1927 2623 omnes

447 2646 734 2710 occasiones
759 2659 944 2718 intenti,
994 2659 1328 2721 ignavissimis
1369 2660 1514 2709 etiam
1558 2659 1828 2724 mancipiis,
1867 2659 1928 2707 si-

443 2744 544 2794 cuti
569 2744 862 2794 Markhazio
901 2744 989 2805 illi,
1038 2744 1227 2807 ingenti
1271 2745 1430 2808 pretio
1482 2759 1588 2793 eam
1627 2743 1922 2793 addicerent.

446 2825 569 2888 Quis
595 2829 783 2891 credat,
809 2844 1051 2892 nunquam
1078 2828 1174 2877 alio
1202 2829 1250 2876 in
1288 2844 1378 2878 nos
1422 2828 1595 2888 animO,
1646 2844 1789 2892 quam
1825 2832 1923 2877 tum

443 2913 650 2974 fuerunt,
680 2912 829 2963 esse?
844 2913 1018 2962 Nonne
1031 2913 1173 2961 testis
1198 2912 1610 2977 locupletissimus
1638 2916 1714 2962 est
1733 2911 1924 2960 Ravaz-

442 2996 562 3057 dius,
592 2994 760 3046 Sinani
786 2996 991 3046 consilia
1018 2997 1178 3046 omnia
1203 3011 1259 3046 eo
1283 3001 1522 3061 spectare
1560 2995 1822 3055 affirmanS,
1871 2998 1930 3043 ut.
