2112 3288
457 167 558 217 278
982 184 1046 218 10.
1075 184 1208 217 DEcn
1234 184 1433 218 BARovn

456 301 626 349 sciant.
670 299 860 349 Ponant
885 306 997 349 ante
1025 302 1204 361 oculos,
1234 317 1551 366 quaecunque
1567 303 1703 367 ipsos
1716 302 1935 368 pericula

454 385 734 444 manebunt,
786 384 828 431 si
865 385 991 433 male
1038 384 1323 444 dimicarint,
1353 385 1493 433 varia
1538 387 1706 435 mortis
1733 402 1931 450 genera,

453 469 605 517 diram
641 483 843 517 uxorum
868 470 1227 533 liberorumque
1266 470 1564 530 servitutem,
1603 470 1771 519 ultima
1796 471 1936 535 regni

454 552 655 607 excidia,
683 556 853 616 raptus
880 553 1135 615 virginum,
1176 557 1225 601 et
1261 553 1412 601 fanda
1436 553 1732 618 infandaque
1759 555 1932 604 omnia.

453 637 593 685 Haec
621 637 780 686 omnia
802 637 943 686 unius
985 637 1079 685 diei
1105 638 1277 686 labore
1304 637 1480 686 evitari
1513 652 1674 701 posse.
1725 637 1937 687 Proinde

455 737 597 771 orare
636 737 693 769 ac
719 737 806 785 per
833 721 990 770 Deum
1024 722 1366 785 hominumque
1391 721 1535 770 fidem
1564 722 1841 782 obsecrare,
1867 721 1938 771 uti

452 805 597 854 solita
622 820 690 862 se,
717 805 944 869 patriam,
979 806 1180 866 liberOS,
1218 821 1397 855 uxores
1425 822 1484 854 ac
1509 806 1733 855 fortunas
1758 806 1937 855 virtute

451 889 702 946 redimant,
742 894 789 936 et
838 889 887 937 in
923 895 1207 953 perpetuam
1232 890 1508 938 libertatem
1546 891 1803 939 vindicent.
1840 889 1936 939 His

451 973 621 1021 edictis
649 978 696 1021 et
720 973 964 1021 universis
1007 973 1161 1037 copiis
1196 973 1288 1022 rite
1314 974 1566 1023 instructis
1593 975 1799 1023 edictum
1824 989 1936 1039 pro-

452 1059 654 1121 mulgat,
682 1057 751 1105 uti
778 1072 914 1105 suam
943 1057 1148 1119 quisque
1176 1057 1434 1106 stationem
1461 1058 1704 1119 observet,
1735 1063 1940 1107 tormen-

456 1147 610 1189 torum
636 1140 967 1204 praesentiam
985 1144 1224 1204 expectet,
1250 1140 1301 1188 in
1313 1140 1515 1204 rapinas
1541 1157 1601 1190 ne
1628 1157 1682 1190 88
1697 1141 1937 1205 effundat3

450 1240 574 1289 quae
603 1224 646 1273 si
683 1229 950 1288 praecepta
990 1228 1271 1273 constanter
1308 1224 1517 1273 fuissent
1555 1225 1832 1286 observata,
1845 1241 1938 1275 nae

446 1309 531 1357 illo
573 1308 652 1356 die
687 1307 1134 1370 praeclarissimam
1148 1309 1304 1357 nostri
1331 1308 1390 1357 de
1415 1310 1643 1358 barbaris
1685 1309 1939 1359 victoriam

446 1399 559 1458 post
583 1393 802 1440 homines
829 1398 971 1441 natos
997 1397 1351 1457 reportassent.
1379 1393 1545 1442 Nihilo
1573 1394 1732 1443 secius
1759 1401 1807 1443 et
1819 1393 1938 1444 Pur-

450 1477 610 1542 purati
652 1473 886 1524 Caesaris
915 1477 1185 1525 Turcarum
1214 1490 1333 1524 suos
1358 1477 1605 1540 praemiiS,
1630 1477 1939 1542 pollicitatio—

453 1561 595 1610 nibus
623 1575 682 1608 ac
706 1559 849 1607 minis
887 1560 1158 1620 incendunt,
1195 1565 1247 1608 ut
1273 1560 1434 1608 omnia
1458 1561 1661 1625 perpeti,
1701 1576 1844 1625 quam
1882 1578 1939 1612 80

459 1645 535 1693 die
562 1644 782 1707 Vngaris
810 1645 983 1693 cedere
1009 1645 1221 1702 mallent,
1246 1644 1451 1708 proinde
1464 1646 1675 1693 lustrant
1686 1650 1942 1709 utrumque

455 1744 615 1786 cornu,
646 1733 694 1775 et
719 1728 1028 1790 gravissimis
1055 1742 1221 1777 omnes
1241 1728 1412 1776 edictis
1438 1729 1501 1777 ad
1513 1729 1706 1777 fortiter
1718 1744 1935 1793 pugnan-

450 1814 558 1861 dum
571 1812 841 1860 hortantur.
868 1814 1042 1875 Itaque
1057 1811 1248 1860 XXVI.
1265 1812 1427 1861 octob.
1459 1813 1571 1861 dato
1586 1828 1781 1877 pugnae
1795 1814 1937 1878 signo

452 1896 607 1945 nostri
635 1901 834 1945 strenue
859 1902 1164 1960 procurrunt,
1190 1896 1526 1959 irruentesque
1551 1896 1801 1946 Barbaros
1839 1898 1935 1948 for-

449 1981 563 2029 titer
602 1980 863 2044 excipiunt.
926 1980 1127 2029 Interim
1166 1979 1368 2029 Tartari
1417 1981 1565 2029 lentis
1617 1982 1931 2044 processibus

448 2064 694 2129 progredi,
723 2080 782 2112 88
807 2064 1045 2128 paulatim
1069 2068 1263 2112 nostros
1322 2078 1712 2127 quaquaversum
1739 2065 1933 2115 circum-

450 2149 582 2197 dare.
610 2147 878 2211 Postquam
905 2147 1092 2210 aliquot
1117 2147 1345 2196 horarum
1372 2147 1735 2197 velitationibus
1749 2165 1934 2213 pugna·

447 2238 543 2280 tum
573 2237 717 2292 esset,
751 2237 799 2279 et
836 2232 1131 2295 aliquamdiu
1170 2247 1258 2295 spe
1293 2232 1401 2295 pari
1428 2231 1716 2295 dimicatum,
1754 2249 1933 2298 magna

447 2316 626 2378 ubique
665 2321 834 2377 strage
867 2316 1064 2374 oborta,
1116 2330 1202 2363 seu
1240 2315 1382 2375 serio,
1434 2330 1519 2363 8811
1566 2331 1626 2363 ex
1664 2318 1930 2382 composito

449 2399 657 2448 Barbari
694 2403 837 2460 terga
863 2404 1070 2456 vertunt,
1107 2415 1166 2447 ac
1202 2400 1384 2448 nostris
1406 2404 1601 2448 strenue
1638 2402 1930 2465 insequenti-

447 2484 538 2531 bus
576 2497 752 2545 magno
791 2497 894 2530 cum
933 2483 1114 2546 impetu
1153 2483 1341 2531 cedunt.
1393 2483 1587 2532 Instant
1630 2484 1929 2548 fugientibus

448 2566 616 2627 nostri,
658 2582 717 2614 ac
741 2558 990 2614 dissolutis
1030 2567 1280 2615 ordinibus
1319 2566 1536 2615 certatim
1574 2567 1623 2615 in
1649 2582 1734 2616 eos
1760 2569 1927 2619 desae-

448 2647 596 2713 viunt,
637 2665 694 2698 ac
719 2647 839 2698 CIX
877 2653 1115 2698 tormenta
1151 2649 1374 2698 hostibus
1413 2650 1640 2699 adimunt.
1690 2650 1771 2701 Ad
1807 2653 1929 2704 haec

450 2736 643 2785 omissis
656 2736 775 2799 'post
800 2738 1002 2797 tergum,
1042 2734 1168 2797 quod
1206 2734 1398 2783 minime
1425 2735 1631 2785 omnium
1657 2737 1761 2785 fieri
1786 2752 1926 2803 opor-

448 2821 596 2879 tebat,
623 2819 877 2867 tormentis
903 2818 1106 2875 bellicis,
1133 2819 1228 2868 rati
1253 2818 1505 2868 Barbaros
1535 2819 1640 2868 sine
1665 2836 1802 2871 mora
1826 2823 1922 2872 iam

448 2904 701 2966 fugituros
767 2907 931 2951 castra
955 2902 1198 2956 invadunt,
1239 2918 1392 2966 eaque
1429 2902 1798 2967 pretiosissimis
1824 2907 1924 2970 qui-

444 2987 632 3053 busque
662 2987 809 3036 rebus
861 2986 924 3036 ad
960 2987 1241 3036 miraculum
1279 3002 1434 3052 usque
1470 2988 1654 3038 referta
1680 2989 1920 3055 diripiunt.
