2112 3288
483 193 583 243 218
1007 213 1069 245 10.
1097 213 1227 246 nucu
1252 213 1445 247 BAnovn

478 331 666 376 noctem
714 327 979 378 insomnem
1029 329 1186 389 ducit,
1238 334 1286 378 et
1334 330 1555 378 lustratis
1605 344 1977 393 usquequaque.

477 410 689 470 aciebus,
741 427 906 461 omnes
931 413 1057 462 bono
1085 413 1242 462 animo
1270 428 1379 461 esse
1405 413 1550 473 iubet,
1601 413 1795 462 iamiam
1821 412 1951 462 visu-

478 509 560 542 ros
586 494 743 543 Deum
770 496 872 544 suis
897 496 1086 557 adesse,
1122 497 1290 560 suique
1316 497 1520 546 nominis
1554 496 1760 560 gloriam
1787 500 1955 545 contra

474 579 726 640 profanam
778 580 1127 629 multitudinem
1168 581 1441 630 defendere.
1493 581 1627 629 Idem
1678 579 1953 645 Stephanus

473 662 691 711 Boczkai
749 663 997 725 generalis
1061 664 1306 727 copiarum
1366 664 1506 724 Dux,
1586 664 1712 712 idem
1763 661 1955 728 Caspar

473 745 681 807 Kornis‚
711 750 759 795 et
786 747 871 795 alii
897 747 1135 811 primores
1150 747 1430 807 nobilitatis,
1457 752 1649 812 sumpta
1667 747 1803 812 prius
1819 763 1955 797 reve-

472 834 635 878 renter
661 830 884 879 aloanne
907 829 1162 893 Ungvario
1190 831 1527 880 concionatore
1542 831 1952 880 AlbensiEucha-

472 912 624 971 ristia‚
663 913 838 974 fecere,
877 915 1012 962 etad
1039 929 1204 964 omnes
1245 915 1393 963 futuri
1431 921 1632 964 eventus
1670 916 1952 966 occasiones

467 995 640 1045 intenti
667 1011 790 1044 esse.
831 996 1089 1046 Multitudo
1120 997 1244 1045 enim
1271 998 1548 1059 castrensis,
1577 1015 1682 1048 cum
1707 1000 1875 1051 hostes
1902 1002 1952 1051 in

467 1079 740 1143 propinquo
768 1078 944 1128 adesse
969 1084 1175 1144 putaret,
1215 1081 1387 1144 panico
1417 1081 1613 1145 saepius
1641 1082 1851 1133 clamore
1888 1086 1951 1134 ad

467 1177 604 1210 arma
642 1147 1045 1210 conclamaverat.
1100 1161 1338 1227 Princeps
1387 1164 1536 1225 igitur
1587 1171 1822 1229 sequente
1872 1168 1949 1218 die

466 1249 571 1293 orto
597 1244 693 1293 iam
721 1244 839 1304 sole,
868 1245 1060 1307 signum
1085 1246 1204 1294 tuba
1231 1246 1337 1294 dari
1362 1247 1510 1308 iubet,
1538 1248 1738 1312 acieque
1763 1249 1813 1298 in
1828 1266 1948 1302 eum,

463 1327 547 1376 ubi
584 1326 797 1376 hostium
822 1328 1016 1376 fuerant
1043 1334 1220 1390 castra,
1250 1330 1406 1378 locum
1431 1331 1666 1394 pervenit.
1718 1331 1816 1382 Sed
1842 1349 1945 1384 cum

463 1411 651 1460 videret
676 1411 929 1461 Barbaros
958 1411 1072 1460 inde
1108 1412 1310 1476 fugisse,
1348 1413 1553 1462 insidias
1578 1415 1775 1478 veritus,
1801 1418 1947 1467 omni-

464 1496 556 1544 bus
583 1494 792 1559 vigilare
816 1494 983 1557 iussit3
1014 1512 1119 1545 eam
1147 1510 1349 1561 quoque,
1378 1512 1502 1560 quae
1529 1503 1694 1547 secuta
1721 1504 1809 1561 est,
1834 1516 1943 1551 noe-

457 1572 554 1627 tem
579 1579 628 1627 in
667 1578 815 1628 armis
851 1570 1104 1642 transegit.
1150 1579 1277 1640 Quia
1306 1595 1423 1629 vero
1452 1579 1663 1631 Sinanus
1689 1587 1802 1633 ante
1827 1600 1943 1649 pau-

461 1677 545 1711 cos
596 1662 716 1724 dieS,
780 1661 1163 1727 Transylvanici
1200 1669 1466 1728 apparatus
1503 1665 1695 1715 minime
1745 1683 1942 1731 gnarus,

460 1745 653 1809 iamque
693 1745 945 1795 victoriam
985 1746 1034 1794 in
1066 1747 1287 1795 manibus
1327 1762 1380 1795 se
1418 1747 1599 1797 habere
1636 1754 1786 1811 ratus,
1825 1766 1940 1819 suos

459 1831 907 1889 commonefecerat,
935 1845 988 1878 se
1015 1830 1076 1878 ad
1115 1829 1314 1879 XV-um
1341 1831 1499 1881 adhuc
1525 1832 1650 1881 diem
1676 1848 1858 1883 moram
1881 1850 1938 1885 eo

458 1914 564 1963 loco
598 1914 849 1974 facturum,
876 1929 965 1962 nec
988 1914 1177 1962 interea
1217 1920 1378 1963 castra
1415 1921 1676 1965 moturum:
1703 1917 1814 1966 ideo
1839 1918 1936 1967 fac-

454 2002 553 2046 tum
581 2002 670 2058 est,
701 2003 753 2046 ut
790 1998 985 2061 plurimi
1011 1998 1281 2047 Turcarum
1309 2003 1601 2048 commeatus
1635 2001 1795 2062 gratia
1830 2001 1936 2050 lon-

456 2081 566 2144 gius
594 2087 919 2131 excurrerent.
959 2081 1247 2146 Complures
1285 2082 1432 2145 igitur
1460 2098 1486 2131 e
1513 2082 1706 2146 Turcis,
1748 2084 1828 2148 qui
1853 2101 1934 2149 pa-

453 2165 668 2214 bulatum
693 2165 903 2214 interdiu
918 2167 1152 2226 exierant,
1179 2166 1285 2226 rati,
1315 2165 1544 2215 Sinanum
1573 2165 1730 2217 adhuc
1754 2168 1933 2217 ibidem

453 2248 502 2296 in
527 2248 773 2312 prioribus
800 2250 990 2308 castris,
1033 2265 1157 2313 quae
1194 2250 1290 2299 iam
1316 2267 1345 2299 a
1370 2251 1549 2299 nostris
1576 2257 1811 2315 occupata
1834 2252 1933 2301 fue-

451 2335 573 2390 rant,
613 2332 912 2392 commorari,
945 2333 994 2380 in
1022 2338 1186 2381 castra
1213 2332 1536 2396 Vngarorum,
1579 2334 1718 2396 quasi
1755 2335 1804 2384 in
1843 2351 1927 2385 sua

453 2414 615 2476 delati,
670 2416 883 2480 speciem
909 2417 1270 2466 adventantium
1296 2418 1639 2479 Barbarorum,
1667 2424 1714 2467 et
1737 2419 1931 2469 iamiam

450 2499 718 2563 irrumpere
742 2500 1006 2562 volentium
1032 2502 1385 2565 praebuerunt:
1424 2502 1512 2550 sed
1551 2517 1655 2550 cum
1688 2518 1854 2552 errore
1879 2504 1929 2552 id

452 2599 481 2631 a
506 2583 742 2649 Barbaris
781 2584 902 2642 fieri,
953 2600 1048 2634 non
1098 2584 1301 2634 consilio
1343 2585 1730 2636 animadversum
1781 2591 1926 2647 esset,

452 2666 617 2715 caesis
643 2667 981 2731 compluribus,
1011 2667 1091 2731 qui
1117 2684 1176 2717 ea
1202 2673 1342 2716 nocte
1379 2670 1546 2733 fugam
1573 2685 1768 2719 suorum
1792 2671 1927 2732 igno-

449 2755 615 2799 rantes
644 2736 701 2799 eo
728 2751 876 2801 delati
901 2752 1106 2812 fuerant,
1145 2752 1288 2801 facile
1315 2754 1469 2802 nostri
1494 2753 1543 2802 in
1570 2754 1727 2802 officio
1752 2754 1926 2803 retenti

451 2823 574 2895 sunt,
599 2835 670 2885 ita
694 2840 868 2896 tamen,
912 2841 964 2885 ut
999 2841 1148 2885 totam
1187 2853 1293 2887 eam
1330 2843 1517 2888 noctem
1555 2839 1820 2887 insomnem
1846 2854 1924 2887 ex-

447 2918 722 2983 pectatione
747 2920 957 2969 hostium
986 2920 1300 2970 traduxerint.
1339 2922 1766 2971 Verumenimvero
1791 2926 1922 2986 post-

448 3020 590 3067 quam
617 3003 853 3069 Princeps
880 3009 983 3054 orto
1023 3007 1143 3066 sole,
1184 3004 1413 3055 Sinanum
1450 3006 1568 3069 fuga
1606 3006 1700 3054 sibi
1739 3005 1918 3054 exerci-
