2112 3288
447 157 546 208 136
971 147 1040 205 ⁴10.
1066 172 1198 204 DECII
1223 171 1419 203 BAnovn

445 291 693 348 obsessos,
720 306 780 338 ne
797 304 1060 353 ,erumpere
1085 292 1301 352 possent,
1320 273 1605 350 urgere⁸non
1622 286 1930 336 desisterent,

445 374 503 424 Id
534 373 615 422 ubi
654 373 871 422 Mathias
909 372 1163 421 Archidux
1202 372 1406 436 accepit,
1445 372 1601 436 primo
1628 370 1809 430 mirari,
1836 386 1931 434 qua

444 458 635 507 ratione
662 458 940 507 Danubium
966 456 1178 505 Barbari
1202 456 1565 513 transivissent,
1594 471 1706 504 mox
1733 454 1930 518 cognito

444 542 602 607 ipsum
629 557 820 606 quoque
847 543 1058 590 Bassam
1096 557 1202 590 cum
1215 541 1404 604 ingenti
1418 539 1722 589 multitudine
1737 538 1930 601 adesse,

443 626 685 691 proditum
714 641 768 674 se
794 630 945 685 ratus,
972 624 1087 687 quid
1111 625 1205 674 hoc
1230 625 1301 673 rei
1317 629 1452 673 esset
1466 623 1709 672 Davidem
1731 622 1933 685 Vngnat

442 710 768 773 interrogare.
809 710 859 757 Is
900 708 1123 757 conscius
1162 709 1234 757 rei
1275 709 1399 757 bono
1445 707 1763 764 Archiducem
1798 706 1933 756 iubet

445 808 557 842 esse
583 793 758 853 anime,
798 792 990 855 quando
1031 792 1195 855 aliqua
1228 792 1465 841 duntaxat
1514 790 1761 840 exercitus
1811 806 1931 855 pars

443 876 652 924 navibus
679 876 928 924 videretur
964 879 1316 939 transportata.
1344 876 1475 924 Dum
1511 875 1633 923 haec
1672 873 1803 922 circa
1828 873 1931 923 Ma-

444 960 597 1009 thiam
625 965 847 1022 aguntur,
874 960 969 1008 iam
999 957 1211 1009 Sinanus
1240 969 1345 1009 cum
1371 962 1655 1007 transvecta
1688 958 1933 1008 exercitus

442 1049 597 1108 parte,
648 1044 827 1092 castris
854 1042 1244 1092 Christianorum
1283 1044 1515 1102 instabat,
1553 1047 1602 1090 et
1637 1041 1835 1091 iamiam
1871 1042 1934 1090 ir-

443 1131 672 1191 rupturus
699 1127 972 1176 videbatur.
1002 1127 1266 1176 Acciderat
1290 1126 1515 1176 autemid
1527 1125 1933 1190 perincommode,
1962 1162 1966 1167 .

397 1261 399 1266 f
444 1211 576 1274 quod
613 1226 670 1259 eo
708 1212 816 1275 ipso
854 1217 1074 1275 tempore
1113 1211 1411 1260 Franciscus
1436 1210 1735 1272 Nadasdius,
1776 1207 1931 1271 Geor-

445 1295 557 1357 gius
580 1294 787 1354 ZriniUS,
816 1300 865 1344 et
890 1296 1040 1345 ceteri
1078 1300 1326 1346 nostrates
1367 1294 1487 1343 clari
1523 1294 1932 1366 militiaeduces,

444 1394 551 1428 cum
577 1395 758 1442 magna
785 1379 1096 1442 Vngarorum
1122 1384 1263 1444 parte
1290 1396 1351 1428 ex
1389 1379 1581 1438 castris,
1607 1378 1778 1443 paucis
1817 1383 1932 1429 ante

445 1463 630 1518 diebus,
673 1463 1018 1524 discesserunt,
1057 1468 1110 1512 ut
1148 1464 1408 1524 Tartaros,
1447 1477 1570 1526 quos
1609 1477 1666 1510 eo
1702 1462 1812 1527 ipso
1837 1463 1933 1511 fine

445 1546 658 1596 Sinanus
697 1547 759 1596 ad
798 1547 1166 1612 depopulandas
1206 1563 1370 1597 eorum
1397 1548 1605 1597 ditiones
1632 1546 1876 1607 emiserat,
1902 1564 1932 1596 a

447 1630 549 1679 suis
574 1631 753 1680 finibus
781 1637 1022 1680 arcerent.
1056 1634 1135 1681 Ita
1161 1632 1377 1680 Mathias
1417 1630 1685 1691 Archidux,
1711 1635 1760 1679 et
1771 1634 1932 1694 prodi-

443 1713 575 1762 tione
615 1714 825 1763 Davidis
865 1715 1235 1780 circumventus,
1274 1722 1322 1765 et
1359 1716 1586 1765 absentia
1623 1730 1802 1777 eorum,
1851 1719 1933 1782 qui

446 1797 666 1846 consiliis
704 1799 806 1847 suis
844 1803 945 1847 tam
982 1800 1262 1863 inopinatae
1288 1801 1619 1849 Barbarorum
1651 1799 1931 1863 incursioni,

445 1882 685 1930 similibus
712 1882 806 1931 iam
834 1887 980 1932 antea
1005 1884 1152 1932 rebus
1180 1899 1530 1947 saepenumero
1565 1887 1832 1949 exercitati,
1857 1901 1932 1936 re-

445 1966 692 2024 sisterent,
719 1966 995 2030 impeditus,
1023 1967 1158 2015 iubet
1184 1982 1299 2016 suos
1336 1968 1570 2031 paulatim
1606 1970 1931 2021 retrocedere.

587 2048 671 2097 Fit
695 2049 868 2111 ingens
906 2054 1167 2111 certamen,
1206 2055 1255 2098 et
1294 2051 1472 2114 cadunt
1506 2053 1747 2117 utrinque,
1787 2069 1932 2118 quam

447 2131 655 2195 plurimi,
683 2148 740 2182 eo
767 2138 928 2182 tamen
957 2139 1147 2194 eventU,
1173 2139 1226 2183 ut
1251 2135 1294 2182 si
1319 2135 1530 2185 Barbari
1549 2138 1731 2187 nostris
1757 2137 1931 2187 fortius

442 2216 752 2277 institissent,
781 2221 941 2266 actum
968 2233 1026 2266 eo
1055 2218 1132 2266 die
1160 2218 1219 2267 de
1245 2223 1346 2267 toto
1385 2221 1602 2270 exercitu
1628 2219 1928 2270 Christiano-

444 2315 549 2348 rum
585 2299 774 2348 fuisset
829 2299 928 2349 Sed
965 2301 1086 2349 nihil
1126 2302 1389 2350 secundum
1428 2304 1786 2390 providentiam
1833 2305 1929 2354 Dei

444 2382 615 2431 maiori
641 2383 825 2432 nostris
851 2385 1106 2447 praesidio
1129 2386 1231 2446 fuit,
1263 2401 1406 2449 quam
1442 2388 1571 2450 quod
1596 2367 1812 2438 Mathias
1836 2386 1928 2438 Ar-

444 2464 622 2515 chidux
647 2465 835 2528 ingenti
861 2466 1020 2515 animo
1048 2467 1226 2516 milites
1259 2468 1321 2516 ad
1358 2470 1681 2519 resistendum
1707 2470 1928 2521 cohorta-

443 2554 522 2598 tus
573 2548 650 2610 sit,
703 2549 992 2613 sensimque,
1043 2566 1102 2613 ac
1150 2551 1445 2614 pedetentim
1494 2558 1627 2603 retro
1666 2555 1928 2607 cedendum

445 2633 761 2682 mandaverit.
790 2635 868 2682 Ita
894 2632 1115 2690 SinanuS,
1143 2635 1299 2698 pulsis
1327 2635 1640 2700 ChristianiS,
1667 2643 1834 2689 castra
1859 2641 1927 2689 di-

445 2708 575 2781 ripft,
602 2716 1042 2782 impedimentaque
1070 2718 1230 2767 omnia
1257 2734 1362 2768 cum
1390 2721 1521 2769 mille
1548 2722 1741 2772 circiter
1767 2723 1922 2773 carris

447 2800 688 2850 onerariis
712 2802 761 2850 in
787 2805 1082 2865 potestatem
1109 2796 1247 2851 suam
1273 2802 1609 2867 redigit-Mox
1634 2805 1718 2855 ubi
1744 2821 1799 2856 se
1824 2808 1927 2856 voti

446 2883 523 2932 sui
549 2891 819 2949 compotem
844 2887 1022 2935 factum
1050 2887 1374 2950 conspicatur,
1401 2889 1576 2952 spoliis
1598 2895 1811 2950 onustus,
1828 2891 1928 2941 Da-

445 2968 640 3020 nubium
677 2969 870 3032 transit,
908 2985 1063 3036 eaque
1102 2971 1358 3022 occasione
1395 2973 1564 3023 urbem
1618 2974 1920 3039 aggreditur.
