<?xml version="1.0" encoding="UTF-8"?>
<!DOCTYPE html PUBLIC "-//W3C//DTD XHTML 1.0 Transitional//EN"
    "http://www.w3.org/TR/xhtml1/DTD/xhtml1-transitional.dtd">
<html xmlns="http://www.w3.org/1999/xhtml" xml:lang="en" lang="en">
 <head>
  <title>
</title>
<meta http-equiv="Content-Type" content="text/html;charset=utf-8" />
  <meta name='ocr-system' content='tesseract 3.04.00' />
  <meta name='ocr-capabilities' content='ocr_page ocr_carea ocr_par ocr_line ocrx_word'/>
</head>
<body>
  <div class='ocr_page' id='page_1' title='image "./baronyaidecsij00deciuoft_0381.png"; bbox 0 0 2112 3288; ppageno 0'>
   <div class='ocr_carea' id='block_1_1' title="bbox 619 199 1739 274">
    <p class='ocr_par' dir='ltr' id='par_1_1' title="bbox 619 199 1739 274">
     <span class='ocr_line' id='line_1_1' title="bbox 619 199 1739 274; baseline 0.001 -18"><span class='ocrx_word' id='word_1_1' title='bbox 619 224 684 256; x_wconf 80' lang='lat' dir='ltr'>DE</span> <span class='ocrx_word' id='word_1_2' title='bbox 710 224 815 256; x_wconf 68' lang='grc' dir='ltr'>ΗΕΒ.</span> <span class='ocrx_word' id='word_1_3' title='bbox 843 223 954 256; x_wconf 67' lang='lat' dir='ltr'>vno.</span> <span class='ocrx_word' id='word_1_4' title='bbox 982 222 1092 254; x_wconf 68' lang='lat' dir='ltr'>nnc.</span> <span class='ocrx_word' id='word_1_5' title='bbox 1121 223 1185 254; x_wconf 86' lang='lat' dir='ltr'>XI.</span> <span class='ocrx_word' id='word_1_6' title='bbox 1212 223 1255 256; x_wconf 87' lang='lat' dir='ltr'>L.</span> <span class='ocrx_word' id='word_1_7' title='bbox 1282 223 1313 255; x_wconf 93' lang='lat'>1.</span> <span class='ocrx_word' id='word_1_8' title='bbox 1493 199 1501 202; x_wconf 54' lang='grc'><strong>’</strong></span> <span class='ocrx_word' id='word_1_9' title='bbox 1639 208 1739 274; x_wconf 80' lang='lat'>297</span> 
     </span>
    </p>
   </div>
   <div class='ocr_carea' id='block_1_2' title="bbox 237 337 1750 1310">
    <p class='ocr_par' dir='ltr' id='par_1_2' title="bbox 237 337 1750 1310">
     <span class='ocr_line' id='line_1_2' title="bbox 239 337 1742 408; baseline -0.005 -14"><span class='ocrx_word' id='word_1_10' title='bbox 239 347 415 408; x_wconf 76' lang='lat' dir='ltr'>egesta</span> <span class='ocrx_word' id='word_1_11' title='bbox 450 346 588 390; x_wconf 90' lang='lat' dir='ltr'>terra</span> <span class='ocrx_word' id='word_1_12' title='bbox 614 338 831 399; x_wconf 87' lang='lat' dir='ltr'>exstrui,</span> <span class='ocrx_word' id='word_1_13' title='bbox 871 343 921 387; x_wconf 91' lang='lat' dir='ltr'>et</span> <span class='ocrx_word' id='word_1_14' title='bbox 958 353 1019 386; x_wconf 84' lang='lat' dir='ltr'>ex</span> <span class='ocrx_word' id='word_1_15' title='bbox 1058 337 1121 386; x_wconf 90' lang='lat' dir='ltr'>iis</span> <span class='ocrx_word' id='word_1_16' title='bbox 1147 342 1391 387; x_wconf 88' lang='lat' dir='ltr'>tormenta</span> <span class='ocrx_word' id='word_1_17' title='bbox 1416 338 1466 387; x_wconf 89' lang='lat' dir='ltr'>in</span> <span class='ocrx_word' id='word_1_18' title='bbox 1493 339 1742 388; x_wconf 88' lang='lat' dir='ltr'>subiectos</span> 
     </span>
     <span class='ocr_line' id='line_1_3' title="bbox 237 411 1739 488; baseline -0.003 -12"><span class='ocrx_word' id='word_1_19' title='bbox 237 434 402 477; x_wconf 84' lang='lat' dir='ltr'>muros</span> <span class='ocrx_word' id='word_1_20' title='bbox 428 411 590 488; x_wconf 79' lang='lat' dir='ltr'>dirigi.</span> <span class='ocrx_word' id='word_1_21' title='bbox 638 421 737 473; x_wconf 84' lang='lat' dir='ltr'>Sed</span> <span class='ocrx_word' id='word_1_22' title='bbox 763 437 871 471; x_wconf 91' lang='lat' dir='ltr'>cum</span> <span class='ocrx_word' id='word_1_23' title='bbox 897 421 960 471; x_wconf 92' lang='lat' dir='ltr'>ob</span> <span class='ocrx_word' id='word_1_24' title='bbox 986 420 1186 470; x_wconf 87' lang='lat' dir='ltr'>nimiam</span> <span class='ocrx_word' id='word_1_25' title='bbox 1213 420 1550 485; x_wconf 79' lang='lat' dir='ltr'>operariorum</span> <span class='ocrx_word' id='word_1_26' title='bbox 1576 422 1739 486; x_wconf 90' lang='lat' dir='ltr'>pauci-</span> 
     </span>
     <span class='ocr_line' id='line_1_4' title="bbox 238 503 1742 574; baseline -0.004 -15"><span class='ocrx_word' id='word_1_27' title='bbox 238 514 391 560; x_wconf 76' lang='lat' dir='ltr'>tatem</span> <span class='ocrx_word' id='word_1_28' title='bbox 426 506 600 574; x_wconf 86' lang='lat' dir='ltr'>perfici</span> <span class='ocrx_word' id='word_1_29' title='bbox 637 510 814 571; x_wconf 86' lang='lat' dir='ltr'>coepta</span> <span class='ocrx_word' id='word_1_30' title='bbox 850 521 948 555; x_wconf 92' lang='lat' dir='ltr'>non</span> <span class='ocrx_word' id='word_1_31' title='bbox 985 508 1205 569; x_wconf 77' lang='lat' dir='ltr'>possent,</span> <span class='ocrx_word' id='word_1_32' title='bbox 1243 519 1335 568; x_wconf 82' lang='lat' dir='ltr'>nec</span> <span class='ocrx_word' id='word_1_33' title='bbox 1372 503 1511 568; x_wconf 88' lang='lat' dir='ltr'>prior</span> <span class='ocrx_word' id='word_1_34' title='bbox 1537 503 1742 569; x_wconf 82' lang='lat' dir='ltr'>irruptio</span> 
     </span>
     <span class='ocr_line' id='line_1_5' title="bbox 238 586 1744 652; baseline -0.004 -10"><span class='ocrx_word' id='word_1_35' title='bbox 238 607 302 642; x_wconf 88' lang='lat' dir='ltr'>ex</span> <span class='ocrx_word' id='word_1_36' title='bbox 338 591 487 642; x_wconf 88' lang='lat' dir='ltr'>animi</span> <span class='ocrx_word' id='word_1_37' title='bbox 524 590 770 641; x_wconf 90' lang='lat' dir='ltr'>sententia</span> <span class='ocrx_word' id='word_1_38' title='bbox 807 588 1075 638; x_wconf 73' lang='lat' dir='ltr'>cessisset:</span> <span class='ocrx_word' id='word_1_39' title='bbox 1103 587 1269 637; x_wconf 91' lang='lat' dir='ltr'>missis</span> <span class='ocrx_word' id='word_1_40' title='bbox 1297 586 1411 637; x_wconf 91' lang='lat' dir='ltr'>aliis</span> <span class='ocrx_word' id='word_1_41' title='bbox 1440 601 1592 652; x_wconf 89' lang='lat' dir='ltr'>super</span> <span class='ocrx_word' id='word_1_42' title='bbox 1617 587 1744 637; x_wconf 88' lang='lat' dir='ltr'>alios</span> 
     </span>
     <span class='ocr_line' id='line_1_6' title="bbox 238 670 1747 739; baseline -0.004 -13"><span class='ocrx_word' id='word_1_43' title='bbox 238 675 431 726; x_wconf 87' lang='lat' dir='ltr'>nunciis</span> <span class='ocrx_word' id='word_1_44' title='bbox 470 680 618 739; x_wconf 89' lang='lat' dir='ltr'>atque</span> <span class='ocrx_word' id='word_1_45' title='bbox 655 673 830 735; x_wconf 87' lang='lat' dir='ltr'>literis,</span> <span class='ocrx_word' id='word_1_46' title='bbox 872 672 967 722; x_wconf 91' lang='lat' dir='ltr'>duo</span> <span class='ocrx_word' id='word_1_47' title='bbox 1006 671 1162 721; x_wconf 91' lang='lat' dir='ltr'>millia</span> <span class='ocrx_word' id='word_1_48' title='bbox 1188 670 1472 726; x_wconf 86' lang='lat' dir='ltr'>Siculorum</span> <span class='ocrx_word' id='word_1_49' title='bbox 1512 671 1563 719; x_wconf 91' lang='lat' dir='ltr'>in</span> <span class='ocrx_word' id='word_1_50' title='bbox 1589 671 1747 720; x_wconf 87' lang='lat' dir='ltr'>subsi-</span> 
     </span>
     <span class='ocr_line' id='line_1_7' title="bbox 239 755 1744 822; baseline -0.003 -13"><span class='ocrx_word' id='word_1_51' title='bbox 239 758 371 809; x_wconf 86' lang='lat' dir='ltr'>dium</span> <span class='ocrx_word' id='word_1_52' title='bbox 409 758 505 808; x_wconf 90' lang='lat' dir='ltr'>sibi</span> <span class='ocrx_word' id='word_1_53' title='bbox 549 774 580 807; x_wconf 90' lang='lat' dir='ltr'>a</span> <span class='ocrx_word' id='word_1_54' title='bbox 605 757 837 822; x_wconf 76' lang='lat' dir='ltr'>Principe</span> <span class='ocrx_word' id='word_1_55' title='bbox 871 756 998 806; x_wconf 91' lang='lat' dir='ltr'>mitti</span> <span class='ocrx_word' id='word_1_56' title='bbox 1035 760 1193 818; x_wconf 88' lang='lat' dir='ltr'>rogat.</span> <span class='ocrx_word' id='word_1_57' title='bbox 1246 755 1289 805; x_wconf 94' lang='lat' dir='ltr'>Ii</span> <span class='ocrx_word' id='word_1_58' title='bbox 1340 770 1448 804; x_wconf 91' lang='lat' dir='ltr'>cum</span> <span class='ocrx_word' id='word_1_59' title='bbox 1475 756 1744 811; x_wconf 86' lang='lat' dir='ltr'>venissent,</span> 
     </span>
     <span class='ocr_line' id='line_1_8' title="bbox 239 834 1750 904; baseline -0.003 -11"><span class='ocrx_word' id='word_1_60' title='bbox 239 847 431 894; x_wconf 87' lang='lat' dir='ltr'>tentata</span> <span class='ocrx_word' id='word_1_61' title='bbox 454 856 627 892; x_wconf 88' lang='lat' dir='ltr'>rursus</span> <span class='ocrx_word' id='word_1_62' title='bbox 652 841 792 891; x_wconf 91' lang='lat' dir='ltr'>irrito</span> <span class='ocrx_word' id='word_1_63' title='bbox 820 834 1319 904; x_wconf 66' lang='lat' dir='ltr'>conatu&#39;irruptione,</span> <span class='ocrx_word' id='word_1_64' title='bbox 1345 844 1484 888; x_wconf 88' lang='lat' dir='ltr'>tanta</span> <span class='ocrx_word' id='word_1_65' title='bbox 1510 840 1651 888; x_wconf 87' lang='lat' dir='ltr'>clade</span> <span class='ocrx_word' id='word_1_66' title='bbox 1676 854 1750 888; x_wconf 89' lang='lat' dir='ltr'>re-</span> 
     </span>
     <span class='ocr_line' id='line_1_9' title="bbox 239 923 1746 992; baseline -0.003 -16"><span class='ocrx_word' id='word_1_67' title='bbox 239 926 372 992; x_wconf 87' lang='lat' dir='ltr'>pulsi</span> <span class='ocrx_word' id='word_1_68' title='bbox 399 928 524 987; x_wconf 75' lang='lat' dir='ltr'>sunt,</span> <span class='ocrx_word' id='word_1_69' title='bbox 550 931 604 975; x_wconf 92' lang='lat' dir='ltr'>ut</span> <span class='ocrx_word' id='word_1_70' title='bbox 626 926 763 975; x_wconf 89' lang='lat' dir='ltr'>nulla</span> <span class='ocrx_word' id='word_1_71' title='bbox 799 924 1010 990; x_wconf 88' lang='lat' dir='ltr'>amplius</span> <span class='ocrx_word' id='word_1_72' title='bbox 1037 924 1309 989; x_wconf 87' lang='lat' dir='ltr'>potiundae</span> <span class='ocrx_word' id='word_1_73' title='bbox 1346 923 1484 973; x_wconf 91' lang='lat' dir='ltr'>urbis</span> <span class='ocrx_word' id='word_1_74' title='bbox 1512 938 1629 988; x_wconf 91' lang='lat' dir='ltr'>spes</span> <span class='ocrx_word' id='word_1_75' title='bbox 1670 938 1746 972; x_wconf 85' lang='lat' dir='ltr'>su-</span> 
     </span>
     <span class='ocr_line' id='line_1_10' title="bbox 241 1004 1746 1075; baseline -0.004 -15"><span class='ocrx_word' id='word_1_76' title='bbox 241 1016 481 1075; x_wconf 85' lang='lat' dir='ltr'>peresset.</span> <span class='ocrx_word' id='word_1_77' title='bbox 524 1011 603 1060; x_wconf 88' lang='lat' dir='ltr'>Ita</span> <span class='ocrx_word' id='word_1_78' title='bbox 627 1009 803 1059; x_wconf 87' lang='lat' dir='ltr'>relicta</span> <span class='ocrx_word' id='word_1_79' title='bbox 829 1008 1099 1070; x_wconf 89' lang='lat' dir='ltr'>obsidione,</span> <span class='ocrx_word' id='word_1_80' title='bbox 1139 1023 1199 1057; x_wconf 89' lang='lat' dir='ltr'>ac</span> <span class='ocrx_word' id='word_1_81' title='bbox 1226 1006 1483 1058; x_wconf 89' lang='lat' dir='ltr'>obfirmato</span> <span class='ocrx_word' id='word_1_82' title='bbox 1512 1004 1746 1056; x_wconf 82' lang='lat' dir='ltr'>Osanado</span> 
     </span>
     <span class='ocr_line' id='line_1_11' title="bbox 244 1090 1749 1158; baseline -0.003 -15"><span class='ocrx_word' id='word_1_83' title='bbox 244 1097 394 1158; x_wconf 86' lang='lat' dir='ltr'>atque</span> <span class='ocrx_word' id='word_1_84' title='bbox 420 1092 605 1154; x_wconf 89' lang='lat' dir='ltr'>Arado,</span> <span class='ocrx_word' id='word_1_85' title='bbox 646 1109 743 1157; x_wconf 90' lang='lat' dir='ltr'>qua</span> <span class='ocrx_word' id='word_1_86' title='bbox 784 1092 958 1156; x_wconf 90' lang='lat' dir='ltr'>cuique</span> <span class='ocrx_word' id='word_1_87' title='bbox 994 1091 1267 1156; x_wconf 88' lang='lat' dir='ltr'>proximum</span> <span class='ocrx_word' id='word_1_88' title='bbox 1292 1090 1397 1150; x_wconf 88' lang='lat' dir='ltr'>fuit,</span> <span class='ocrx_word' id='word_1_89' title='bbox 1436 1105 1615 1153; x_wconf 84' lang='lat' dir='ltr'>magno</span> <span class='ocrx_word' id='word_1_90' title='bbox 1643 1105 1749 1139; x_wconf 91' lang='lat' dir='ltr'>cum</span> 
     </span>
     <span class='ocr_line' id='line_1_12' title="bbox 244 1173 1749 1244; baseline -0.003 -18"><span class='ocrx_word' id='word_1_91' title='bbox 244 1175 535 1244; x_wconf 72' lang='lat' dir='ltr'>detrimento</span> <span class='ocrx_word' id='word_1_92' title='bbox 584 1176 724 1227; x_wconf 83' lang='lat' dir='ltr'>iuxta</span> <span class='ocrx_word' id='word_1_93' title='bbox 770 1181 918 1240; x_wconf 92' lang='lat' dir='ltr'>atque</span> <span class='ocrx_word' id='word_1_94' title='bbox 956 1176 1198 1225; x_wconf 81' lang='lat' dir='ltr'>dedecore</span> <span class='ocrx_word' id='word_1_95' title='bbox 1241 1174 1400 1224; x_wconf 83' lang='lat' dir='ltr'>nostri</span> <span class='ocrx_word' id='word_1_96' title='bbox 1437 1174 1487 1223; x_wconf 92' lang='lat' dir='ltr'>in</span> <span class='ocrx_word' id='word_1_97' title='bbox 1526 1173 1749 1239; x_wconf 88' lang='lat' dir='ltr'>hyberna</span> 
     </span>
     <span class='ocr_line' id='line_1_13' title="bbox 241 1259 508 1310; baseline -0.004 -1"><span class='ocrx_word' id='word_1_98' title='bbox 241 1259 508 1310; x_wconf 86' lang='lat' dir='ltr'>redierunt.</span> 
     </span>
    </p>
   </div>
   <div class='ocr_carea' id='block_1_3' title="bbox 672 1591 1331 1643">
    <p class='ocr_par' dir='ltr' id='par_1_3' title="bbox 672 1591 1331 1643">
     <span class='ocr_line' id='line_1_14' title="bbox 672 1591 1331 1643; baseline -0.003 -1"><span class='ocrx_word' id='word_1_99' title='bbox 672 1592 905 1643; x_wconf 79' lang='lat' dir='ltr'><strong>CAPVT</strong></span> <span class='ocrx_word' id='word_1_100' title='bbox 954 1591 1331 1643; x_wconf 80' lang='lat' dir='ltr'>SEPTIMVM,</span> 
     </span>
    </p>
   </div>
   <div class='ocr_carea' id='block_1_4' title="bbox 246 1707 1754 1868">
    <p class='ocr_par' dir='ltr' id='par_1_4' title="bbox 246 1707 1754 1868">
     <span class='ocr_line' id='line_1_15' title="bbox 246 1707 1754 1777; baseline -0.003 -14"><span class='ocrx_word' id='word_1_101' title='bbox 246 1714 323 1763; x_wconf 77' lang='lat' dir='ltr'>De</span> <span class='ocrx_word' id='word_1_102' title='bbox 353 1712 576 1764; x_wconf 77' lang='lat' dir='ltr'>Comitiis</span> <span class='ocrx_word' id='word_1_103' title='bbox 600 1707 899 1775; x_wconf 68' lang='lat' dir='ltr'>Alban-sibus,</span> <span class='ocrx_word' id='word_1_104' title='bbox 937 1731 996 1762; x_wconf 80' lang='lat' dir='ltr'>ac</span> <span class='ocrx_word' id='word_1_105' title='bbox 1018 1713 1220 1762; x_wconf 76' lang='lat' dir='ltr'>consilio</span> <span class='ocrx_word' id='word_1_106' title='bbox 1246 1711 1569 1777; x_wconf 64' lang='lat' dir='ltr'>resignandae</span> <span class='ocrx_word' id='word_1_107' title='bbox 1603 1710 1754 1759; x_wconf 74' lang='lat' dir='ltr'>Tran-</span> 
     </span>
     <span class='ocr_line' id='line_1_16' title="bbox 434 1794 1558 1868; baseline -0.004 -21"><span class='ocrx_word' id='word_1_108' title='bbox 434 1798 685 1862; x_wconf 76' lang='lat' dir='ltr'>sylvaniae</span> <span class='ocrx_word' id='word_1_109' title='bbox 706 1796 794 1868; x_wconf 56' lang='lat' dir='ltr'>per</span> <span class='ocrx_word' id='word_1_110' title='bbox 808 1796 1047 1862; x_wconf 77' lang='lat' dir='ltr'>fraudem</span> <span class='ocrx_word' id='word_1_111' title='bbox 1072 1796 1269 1846; x_wconf 75' lang='lat' dir='ltr'>Josicae</span> <span class='ocrx_word' id='word_1_112' title='bbox 1294 1794 1558 1845; x_wconf 77' lang='lat' dir='ltr'>retardato.</span> 
     </span>
    </p>
   </div>
   <div class='ocr_carea' id='block_1_5' title="bbox 246 1924 1836 3094">
    <p class='ocr_par' dir='ltr' id='par_1_5' title="bbox 246 1924 1836 3094">
     <span class='ocr_line' id='line_1_17' title="bbox 388 1924 1755 1991; baseline -0.003 -13"><span class='ocrx_word' id='word_1_113' title='bbox 388 1926 735 1979; x_wconf 82' lang='lat' dir='ltr'>MDXGVIII.</span> <span class='ocrx_word' id='word_1_114' title='bbox 773 1928 954 1977; x_wconf 90' lang='lat' dir='ltr'>Paucis</span> <span class='ocrx_word' id='word_1_115' title='bbox 980 1932 1095 1991; x_wconf 90' lang='lat' dir='ltr'>post</span> <span class='ocrx_word' id='word_1_116' title='bbox 1122 1927 1296 1977; x_wconf 92' lang='lat' dir='ltr'>diebus</span> <span class='ocrx_word' id='word_1_117' title='bbox 1330 1926 1516 1976; x_wconf 91' lang='lat' dir='ltr'>indicta</span> <span class='ocrx_word' id='word_1_118' title='bbox 1542 1924 1755 1975; x_wconf 83' lang='lat' dir='ltr'>Comitia</span> 
     </span>
     <span class='ocr_line' id='line_1_18' title="bbox 250 1996 1755 2075; baseline -0.002 -14"><span class='ocrx_word' id='word_1_119' title='bbox 250 2011 413 2062; x_wconf 85' lang='lat' dir='ltr'>Albae</span> <span class='ocrx_word' id='word_1_120' title='bbox 438 2013 595 2062; x_wconf 91' lang='lat' dir='ltr'>Iuliae</span> <span class='ocrx_word' id='word_1_121' title='bbox 622 2012 686 2061; x_wconf 89' lang='lat' dir='ltr'>ad</span> <span class='ocrx_word' id='word_1_122' title='bbox 712 1996 963 2061; x_wconf 80' lang='lat' dir='ltr'>Calendas</span> <span class='ocrx_word' id='word_1_123' title='bbox 989 2012 1265 2061; x_wconf 88' lang='lat' dir='ltr'>Ianuarias.</span> <span class='ocrx_word' id='word_1_124' title='bbox 1317 2011 1396 2061; x_wconf 90' lang='lat' dir='ltr'>Ibi</span> <span class='ocrx_word' id='word_1_125' title='bbox 1433 2015 1550 2075; x_wconf 87' lang='lat' dir='ltr'>post</span> <span class='ocrx_word' id='word_1_126' title='bbox 1587 2014 1755 2059; x_wconf 87' lang='lat' dir='ltr'>cetera</span> 
     </span>
     <span class='ocr_line' id='line_1_19' title="bbox 249 2094 1753 2160; baseline 0.001 -15"><span class='ocrx_word' id='word_1_127' title='bbox 249 2094 537 2160; x_wconf 83' lang='lat' dir='ltr'>provinciae</span> <span class='ocrx_word' id='word_1_128' title='bbox 576 2095 778 2144; x_wconf 88' lang='lat' dir='ltr'>decreta</span> <span class='ocrx_word' id='word_1_129' title='bbox 815 2095 1054 2158; x_wconf 86' lang='lat' dir='ltr'>agitatum</span> <span class='ocrx_word' id='word_1_130' title='bbox 1093 2100 1169 2144; x_wconf 89' lang='lat' dir='ltr'>est</span> <span class='ocrx_word' id='word_1_131' title='bbox 1210 2111 1240 2144; x_wconf 90' lang='lat' dir='ltr'>a</span> <span class='ocrx_word' id='word_1_132' title='bbox 1265 2094 1495 2159; x_wconf 88' lang='lat' dir='ltr'>Principe</span> <span class='ocrx_word' id='word_1_133' title='bbox 1546 2099 1753 2147; x_wconf 78' lang='lat' dir='ltr'>secreto,</span> 
     </span>
     <span class='ocr_line' id='line_1_20' title="bbox 248 2176 1755 2244; baseline -0.003 -14"><span class='ocrx_word' id='word_1_134' title='bbox 248 2194 392 2244; x_wconf 86' lang='lat' dir='ltr'>quam</span> <span class='ocrx_word' id='word_1_135' title='bbox 417 2180 480 2229; x_wconf 93' lang='lat' dir='ltr'>ob</span> <span class='ocrx_word' id='word_1_136' title='bbox 507 2193 611 2228; x_wconf 85' lang='lat' dir='ltr'>rem</span> <span class='ocrx_word' id='word_1_137' title='bbox 635 2180 833 2241; x_wconf 87' lang='lat' dir='ltr'>legatos</span> <span class='ocrx_word' id='word_1_138' title='bbox 860 2176 1051 2228; x_wconf 83' lang='lat' dir='ltr'>Caesar</span> <span class='ocrx_word' id='word_1_139' title='bbox 1077 2179 1385 2244; x_wconf 87' lang='lat' dir='ltr'>Rudolphus,</span> <span class='ocrx_word' id='word_1_140' title='bbox 1411 2179 1480 2228; x_wconf 91' lang='lat' dir='ltr'>uti</span> <span class='ocrx_word' id='word_1_141' title='bbox 1514 2192 1755 2228; x_wconf 89' lang='lat' dir='ltr'>convene-</span> 
     </span>
     <span class='ocr_line' id='line_1_21' title="bbox 254 2261 1757 2324; baseline 0 -13"><span class='ocrx_word' id='word_1_142' title='bbox 254 2267 347 2324; x_wconf 85' lang='lat' dir='ltr'>rat,</span> <span class='ocrx_word' id='word_1_143' title='bbox 376 2263 441 2313; x_wconf 87' lang='lat' dir='ltr'>ad</span> <span class='ocrx_word' id='word_1_144' title='bbox 466 2261 798 2312; x_wconf 78' lang='lat' dir='ltr'>Comitia&#39;non</span> <span class='ocrx_word' id='word_1_145' title='bbox 825 2263 1041 2321; x_wconf 63' lang='lat' dir='ltr'>miserit,</span> <span class='ocrx_word' id='word_1_146' title='bbox 1080 2263 1215 2313; x_wconf 89' lang='lat' dir='ltr'>cuius</span> <span class='ocrx_word' id='word_1_147' title='bbox 1241 2263 1314 2313; x_wconf 95' lang='lat' dir='ltr'>rei</span> <span class='ocrx_word' id='word_1_148' title='bbox 1340 2278 1541 2312; x_wconf 89' lang='lat' dir='ltr'>causam</span> <span class='ocrx_word' id='word_1_149' title='bbox 1565 2266 1619 2312; x_wconf 91' lang='lat' dir='ltr'>ut</span> <span class='ocrx_word' id='word_1_150' title='bbox 1645 2277 1757 2324; x_wconf 85' lang='lat' dir='ltr'>cog-</span> 
     </span>
     <span class='ocr_line' id='line_1_22' title="bbox 247 2345 1753 2411; baseline -0.001 -15"><span class='ocrx_word' id='word_1_151' title='bbox 247 2352 491 2408; x_wconf 87' lang='lat' dir='ltr'>nosceret,</span> <span class='ocrx_word' id='word_1_152' title='bbox 527 2345 839 2410; x_wconf 90' lang='lat' dir='ltr'>Alphonsum</span> <span class='ocrx_word' id='word_1_153' title='bbox 864 2345 1123 2397; x_wconf 81' lang='lat' dir='ltr'>Garillium</span> <span class='ocrx_word' id='word_1_154' title='bbox 1163 2347 1391 2396; x_wconf 90' lang='lat' dir='ltr'>celeriter</span> <span class='ocrx_word' id='word_1_155' title='bbox 1430 2346 1493 2395; x_wconf 90' lang='lat' dir='ltr'>ad</span> <span class='ocrx_word' id='word_1_156' title='bbox 1533 2347 1753 2411; x_wconf 91' lang='lat' dir='ltr'>Impera-</span> 
     </span>
     <span class='ocr_line' id='line_1_23' title="bbox 250 2429 1757 2495; baseline -0.001 -15"><span class='ocrx_word' id='word_1_157' title='bbox 250 2435 406 2480; x_wconf 89' lang='lat' dir='ltr'>torem</span> <span class='ocrx_word' id='word_1_158' title='bbox 434 2430 653 2494; x_wconf 85' lang='lat' dir='ltr'>ablegat.</span> <span class='ocrx_word' id='word_1_159' title='bbox 695 2430 796 2480; x_wconf 91' lang='lat' dir='ltr'>Per</span> <span class='ocrx_word' id='word_1_160' title='bbox 824 2446 933 2480; x_wconf 91' lang='lat' dir='ltr'>eum</span> <span class='ocrx_word' id='word_1_161' title='bbox 960 2431 1231 2495; x_wconf 85' lang='lat' dir='ltr'>cognoscit,</span> <span class='ocrx_word' id='word_1_162' title='bbox 1270 2435 1378 2480; x_wconf 88' lang='lat' dir='ltr'>arte</span> <span class='ocrx_word' id='word_1_163' title='bbox 1404 2429 1644 2495; x_wconf 85' lang='lat' dir='ltr'>Stephani</span> <span class='ocrx_word' id='word_1_164' title='bbox 1670 2430 1706 2480; x_wconf 83' lang='lat' dir='ltr'>J</span> <span class='ocrx_word' id='word_1_165' title='bbox 1709 2444 1757 2478; x_wconf 95' lang='lat' dir='ltr'>o-</span> 
     </span>
     <span class='ocr_line' id='line_1_24' title="bbox 253 2511 1750 2580; baseline 0.001 -18"><span class='ocrx_word' id='word_1_166' title='bbox 253 2514 390 2563; x_wconf 85' lang='lat' dir='ltr'>sicae</span> <span class='ocrx_word' id='word_1_167' title='bbox 416 2511 720 2564; x_wconf 80' lang='lat' dir='ltr'>Cancellarii</span> <span class='ocrx_word' id='word_1_168' title='bbox 744 2515 928 2565; x_wconf 86' lang='lat' dir='ltr'>factum</span> <span class='ocrx_word' id='word_1_169' title='bbox 954 2515 1005 2565; x_wconf 88' lang='lat' dir='ltr'>id</span> <span class='ocrx_word' id='word_1_170' title='bbox 1031 2530 1158 2577; x_wconf 90' lang='lat' dir='ltr'>esse,</span> <span class='ocrx_word' id='word_1_171' title='bbox 1205 2516 1289 2580; x_wconf 87' lang='lat' dir='ltr'>qui</span> <span class='ocrx_word' id='word_1_172' title='bbox 1314 2515 1474 2566; x_wconf 91' lang='lat' dir='ltr'>literis</span> <span class='ocrx_word' id='word_1_173' title='bbox 1502 2515 1565 2564; x_wconf 89' lang='lat' dir='ltr'>ad</span> <span class='ocrx_word' id='word_1_174' title='bbox 1591 2516 1750 2579; x_wconf 89' lang='lat' dir='ltr'>Impe-</span> 
     </span>
     <span class='ocr_line' id='line_1_25' title="bbox 251 2596 1751 2662; baseline 0 -16"><span class='ocrx_word' id='word_1_175' title='bbox 251 2601 469 2658; x_wconf 87' lang='lat' dir='ltr'>ratorem</span> <span class='ocrx_word' id='word_1_176' title='bbox 494 2596 624 2646; x_wconf 88' lang='lat' dir='ltr'>datis</span> <span class='ocrx_word' id='word_1_177' title='bbox 652 2599 1002 2649; x_wconf 87' lang='lat' dir='ltr'>submonuerat</span> <span class='ocrx_word' id='word_1_178' title='bbox 1028 2615 1150 2662; x_wconf 91' lang='lat' dir='ltr'>eum,</span> <span class='ocrx_word' id='word_1_179' title='bbox 1177 2615 1238 2649; x_wconf 91' lang='lat' dir='ltr'>ne</span> <span class='ocrx_word' id='word_1_180' title='bbox 1265 2600 1345 2649; x_wconf 89' lang='lat' dir='ltr'>vel</span> <span class='ocrx_word' id='word_1_181' title='bbox 1359 2598 1751 2648; x_wconf 81' lang='lat' dir='ltr'>Maximilianum</span> 
     </span>
     <span class='ocr_line' id='line_1_26' title="bbox 249 2678 1753 2748; baseline 0 -19"><span class='ocrx_word' id='word_1_182' title='bbox 249 2678 531 2743; x_wconf 91' lang='lat' dir='ltr'>Principem</span> <span class='ocrx_word' id='word_1_183' title='bbox 563 2680 965 2746; x_wconf 85' lang='lat' dir='ltr'>Transylvaniae</span> <span class='ocrx_word' id='word_1_184' title='bbox 990 2684 1297 2748; x_wconf 87' lang='lat' dir='ltr'>praeficeret,</span> <span class='ocrx_word' id='word_1_185' title='bbox 1334 2683 1416 2731; x_wconf 88' lang='lat' dir='ltr'>vel</span> <span class='ocrx_word' id='word_1_186' title='bbox 1452 2697 1572 2731; x_wconf 89' lang='lat' dir='ltr'>vero</span> <span class='ocrx_word' id='word_1_187' title='bbox 1599 2682 1753 2731; x_wconf 88' lang='lat' dir='ltr'>Bocz-</span> 
     </span>
     <span class='ocr_line' id='line_1_27' title="bbox 250 2763 1758 2832; baseline 0.002 -20"><span class='ocrx_word' id='word_1_188' title='bbox 250 2763 420 2813; x_wconf 88' lang='lat' dir='ltr'>kaium</span> <span class='ocrx_word' id='word_1_189' title='bbox 457 2763 803 2827; x_wconf 85' lang='lat' dir='ltr'>gubernaculis</span> <span class='ocrx_word' id='word_1_190' title='bbox 842 2767 1127 2831; x_wconf 86' lang='lat' dir='ltr'>provinciae</span> <span class='ocrx_word' id='word_1_191' title='bbox 1160 2771 1505 2832; x_wconf 89' lang='lat' dir='ltr'>praeponeret.</span> <span class='ocrx_word' id='word_1_192' title='bbox 1557 2765 1758 2830; x_wconf 92' lang='lat' dir='ltr'>Alioqui</span> 
     </span>
     <span class='ocr_line' id='line_1_28' title="bbox 253 2840 1757 2916; baseline 0 -18"><span class='ocrx_word' id='word_1_193' title='bbox 253 2847 381 2898; x_wconf 84' lang='lat' dir='ltr'>enim</span> <span class='ocrx_word' id='word_1_194' title='bbox 417 2847 645 2909; x_wconf 84' lang='lat' dir='ltr'>futurum,</span> <span class='ocrx_word' id='word_1_195' title='bbox 682 2853 736 2898; x_wconf 91' lang='lat' dir='ltr'>ut</span> <span class='ocrx_word' id='word_1_196' title='bbox 760 2840 1150 2901; x_wconf 85' lang='lat' dir='ltr'>Maximilianum</span> <span class='ocrx_word' id='word_1_197' title='bbox 1175 2851 1509 2916; x_wconf 87' lang='lat' dir='ltr'>provinciales</span> <span class='ocrx_word' id='word_1_198' title='bbox 1543 2850 1757 2900; x_wconf 85' lang='lat' dir='ltr'>vinctum</span> 
     </span>
     <span class='ocr_line' id='line_1_29' title="bbox 253 2928 1755 3000; baseline 0.001 -19"><span class='ocrx_word' id='word_1_199' title='bbox 253 2928 464 2981; x_wconf 80' lang='lat' dir='ltr'>Caesari</span> <span class='ocrx_word' id='word_1_200' title='bbox 492 2932 768 2981; x_wconf 88' lang='lat' dir='ltr'>Turcarum</span> <span class='ocrx_word' id='word_1_201' title='bbox 794 2934 1000 2997; x_wconf 86' lang='lat' dir='ltr'>mittant,</span> <span class='ocrx_word' id='word_1_202' title='bbox 1028 2951 1183 3000; x_wconf 91' lang='lat' dir='ltr'>eoque</span> <span class='ocrx_word' id='word_1_203' title='bbox 1203 2934 1318 2984; x_wconf 88' lang='lat' dir='ltr'>fidei</span> <span class='ocrx_word' id='word_1_204' title='bbox 1342 2934 1550 2999; x_wconf 83' lang='lat' dir='ltr'>pignore</span> <span class='ocrx_word' id='word_1_205' title='bbox 1565 2934 1755 2983; x_wconf 89' lang='lat' dir='ltr'>Barba-</span> 
     </span>
     <span class='ocr_line' id='line_1_30' title="bbox 246 3016 1836 3094; baseline 0.003 -29"><span class='ocrx_word' id='word_1_206' title='bbox 246 3017 317 3070; x_wconf 89' lang='lat' dir='ltr'>ris</span> <span class='ocrx_word' id='word_1_207' title='bbox 344 3016 748 3083; x_wconf 82' lang='lat' dir='ltr'>reconcilientur.</span> <span class='ocrx_word' id='word_1_208' title='bbox 791 3016 889 3068; x_wconf 88' lang='lat' dir='ltr'>Vel</span> <span class='ocrx_word' id='word_1_209' title='bbox 928 3034 1044 3069; x_wconf 90' lang='lat' dir='ltr'>vero</span> <span class='ocrx_word' id='word_1_210' title='bbox 1084 3020 1128 3068; x_wconf 91' lang='lat' dir='ltr'>si</span> <span class='ocrx_word' id='word_1_211' title='bbox 1152 3018 1433 3070; x_wconf 88' lang='lat' dir='ltr'>Boczkaius</span> <span class='ocrx_word' id='word_1_212' title='bbox 1471 3034 1632 3069; x_wconf 90' lang='lat' dir='ltr'>rerum</span> <span class='ocrx_word' id='word_1_213' title='bbox 1670 3033 1754 3094; x_wconf 81' lang='lat' dir='ltr'>po·</span> <span class='ocrx_word' id='word_1_214' title='bbox 1834 3038 1836 3040; x_wconf 65' lang='grc'>’</span> 
     </span>
    </p>
   </div>
  </div>
 </body>
</html>
