2112 3288
421 158 519 209 186
947 178 1011 213 10.
1038 179 1170 230 nucu
1194 180 1391 216 BARovn

416 294 469 338 ut
494 291 647 338 salvis
675 292 961 355 corporibus
989 294 1126 343 abire
1151 295 1332 344 liceret.
1372 297 1450 346 Ita
1490 298 1704 361 ingressi
1744 301 1900 350 nostri

414 386 578 422 arcem
604 380 856 438 occupant,
884 380 932 424 et
958 377 1150 426 'Furcas
1178 395 1239 428 ex
1266 386 1517 443 compacto
1548 382 1661 431 inde
1699 383 1899 432 eductos

414 454 656 505 dimittere
681 462 910 506 statuunt.
946 457 1045 507 Sed
1071 474 1177 508 cum
1212 462 1476 524 prohibere
1514 461 1765 528 Georgius
1802 480 1900 515 non

412 543 597 599 posset,
621 554 683 587 ne
709 540 806 587 vim
832 540 904 588 eis
929 541 1074 590 liberi
1098 543 1290 606 pedites
1314 544 1564 605 inferrent,
1602 547 1744 596 horto
1783 562 1901 611 quo-

414 620 525 669 dam
549 622 755 685 primum
779 623 972 685 includi,
1012 624 1188 692 deinde
1225 626 1275 674 in
1313 643 1474 676 arcem
1513 629 1699 687 deduci,
1734 630 1900 693 ibique

413 703 601 753 vinctos
626 706 877 755 asservari
913 707 1070 767 iussit,
1110 708 1263 757 donec
1300 710 1410 772 quis
1448 716 1651 760 eventus
1688 712 1899 775 proximi

415 801 522 834 cum
571 787 977 836 Tomosvariensi
1014 789 1179 838 Bassa
1229 792 1480 846 conflictus
1520 799 1655 842 esset
1693 794 1899 854 futurus,

412 882 553 930 quem
590 868 686 917 iam
725 869 991 918 adventare
1018 877 1313 936 compertum
1340 878 1459 934 erat,
1499 881 1893 937 cognosceretur.

411 949 618 1002 Factum
642 950 736 1003 hoc
758 952 850 1005 fuit
876 953 967 1004 die.
997 990 1007 1003 .
1033 989 1043 1001 .
1075 990 1085 1001 .

1018 1142 1292 1152 ————-—.

888 1294 1118 1347 OAPVT
1157 1297 1304 1347 NON
1309 1299 1423 1348 VM.

412 1413 489 1459 De
515 1413 784 1481 profligato
829 1417 1236 1466 Tb‘m‘o‘svariensis
1276 1420 1455 1466 Bassae
1481 1422 1705 1481 exercitu,
1743 1421 1900 1484 captis

712 1527 716 1532 -
776 1499 1010 1562 Lippensi
1036 1518 1092 1547 ac
1117 1499 1350 1549 Ienciensi
1377 1501 1531 1566 Regis.

554 1614 713 1679 Capto
756 1617 807 1665 in
843 1617 969 1665 hunc
1006 1617 1197 1666 modum
1244 1618 1509 1678 FacziadO,
1560 1619 1701 1682 eique
1749 1619 1898 1669 Petro

414 1697 716 1748 Barrabasio
733 1700 854 1748 duce
867 1700 1080 1763 peditum
1094 1700 1233 1748 rubei
1250 1700 1433 1749 ordinis
1448 1700 1498 1747 in
1513 1701 1809 1750 Marosiensi
1823 1716 1898 1751 se-

415 1780 486 1840 de,
501 1782 800 1845 praepositO,
817 1787 949 1831 certe
964 1787 1013 1830 et
1026 1783 1122 1846 pic,
1137 1786 1186 1831 et
1199 1798 1296 1831 non
1322 1782 1478 1831 minus
1506 1783 1738 1843 consiliis,
1754 1797 1897 1846 quam

411 1879 556 1912 manu
567 1869 806 1928 promptO,
822 1881 1079 1928 rerumque
1093 1865 1384 1914 bellicarum
1410 1864 1715 1928 experientia
1728 1864 1894 1914 lauda-

411 1946 615 2007 tissimO,
654 1946 909 2010 dispositis
935 1947 1048 1995 hinc
1072 1947 1183 1995 inde
1211 1947 1506 2007 custodibus,
1522 1946 1895 2009 diligentissime

412 2043 578 2077 omnes
604 2019 816 2092 vigilare
851 2027 1101 2092 Georgius
1126 2023 1283 2090 iussit,
1309 2029 1441 2078 haud
1464 2029 1667 2091 ignarus
1696 2029 1899 2077 Tomos-

410 2111 686 2159 variensem
712 2111 1148 2160 Facziadiensibus
1187 2111 1405 2160 subsidio
1443 2117 1710 2160 venturum.
1749 2110 1898 2159 Prae-

410 2193 612 2241 miserat
626 2191 874 2256 Georgius
892 2194 956 2241 ad
981 2193 1215 2242 excubias
1241 2194 1454 2241 selectos
1480 2193 1667 2256 aliquot
1693 2184 1898 2255 equites,

413 2274 533 2321 duce
559 2276 744 2323 Ioanne
764 2275 982 2337 Lugosio
1008 2280 1241 2324 veterano
1268 2276 1522 2334 bellatore,
1549 2274 1719 2336 eisque
1744 2273 1898 2323 iusse-

410 2361 488 2405 rat
511 2361 563 2404 ut
576 2356 837 2404 adventum
853 2356 1184 2406 Barbarorum
1210 2361 1397 2405 mature
1424 2356 1520 2404 sibi
1547 2355 1897 2417 significarent.

409 2438 492 2485 Illi
541 2438 773 2486 mandata
820 2439 1030 2487 fideliter
1091 2438 1295 2497 executi,
1355 2438 1510 2500 primo
1575 2437 1785 2486 diluculo
1845 2437 1896 2484 in

412 2524 578 2568 castra
603 2520 820 2578 redeunt,
848 2526 897 2569 et
920 2521 1129 2569 Bassam
1156 2535 1262 2567 cum
1301 2527 1481 2581 magna
1520 2533 1663 2566 manu
1700 2518 1897 2566 iamiam

410 2603 562 2651 affore
600 2602 843 2650 nunciant.
883 2600 1147 2664 GeorgiuS,
1186 2616 1291 2649 cum
1329 2601 1511 2649 nullam
1550 2600 1696 2648 aliam
1722 2599 1897 2662 salutis

409 2684 656 2742 rationem,
673 2684 873 2744 videret,
901 2699 1044 2747 quam
1073 2699 1198 2746 quae
1224 2683 1274 2730 in
1313 2683 1487 2731 dextra
1527 2681 1718 2729 victrici
1753 2681 1895 2740 foret,

409 2766 632 2829 quamvis
682 2766 907 2814 hostibus
957 2780 1156 2814 numero
1193 2765 1378 2828 impar:
1428 2770 1590 2812 tamen
1627 2762 1896 2811 subsidium

410 2848 473 2896 ab
500 2849 647 2896 animi
679 2848 1010 2910 magnitudine
1049 2848 1330 2896 sumendum
1368 2852 1521 2907 ratus,
1559 2861 1662 2894 rem
1697 2859 1894 2908 pugnae

409 2930 579 2979 statuit
605 2930 917 2979 committere.
932 2929 1144 2979 Proinde
1172 2930 1289 2978 dato
1317 2930 1458 2992 signo
1485 2941 1653 2977 omnes
1680 2927 1743 2975 ad
1758 2940 1894 2974 arma
