2112 3288
465 165 567 215 200
996 181 1059 215 το.
1086 180 1219 215 Dsscn
1242 179 1438 216 BARovn

460 298 651 347 fortiter
677 299 900 362 utrinque
925 298 1112 359 fuisset,
1140 299 1244 347 sole
1269 298 1318 346 in
1347 312 1568 347 occasum
1598 304 1829 362 vergente
1854 314 1960 348 no«

463 397 526 431 va
548 381 761 447 peditum
789 383 1072 433 nostratium
1098 383 1230 432 acies
1255 382 1408 443 irruit,
1436 398 1494 431 ac
1519 382 1787 432 coniunctis
1831 398 1936 433 cum
1986 366 1992 372 ⁸

460 466 536 526 iis,
574 465 655 529 qui
687 467 833 516 totius
861 466 956 515 diei
980 482 1192 530 pugnam
1217 466 1267 515 in
1292 465 1636 515 ardentissimo
1664 470 1805 515 aestu
1831 481 1935 516 sus-

464 550 720 610 tinuerant,
761 551 943 600 viribus
987 551 1175 600 hostem
1203 550 1456 599 confestim
1480 555 1623 614 terga
1648 550 1767 599 dare
1792 550 1935 614 cogit.

465 635 654 684 Instant
678 634 975 697 fugientibus
1000 634 1168 694 nostri,
1195 639 1244 683 et
1268 635 1594 699 compluribus
1621 649 1784 683 eorum
1796 632 1938 686 truci->

467 716 608 778 datis,
635 723 841 782 quatuor
867 734 1021 768 aenea
1045 723 1285 767 tormenta
1300 734 1405 767 cum
1420 718 1605 781 aliquot
1618 717 1772 781 signis
1787 717 1935 766 inter-

462 801 659 865 cipiunt,
675 801 801 850 inter
819 817 943 865 quae
957 803 1048 851 fuit
1063 807 1110 851 et
1122 802 1276 850 viride
1298 801 1537 865 quoddam
1551 801 1795 861 vexillum,
1811 800 1939 865 quod

465 885 989 935 MahumetisProfetae
1003 886 1154 935 fuisse
1163 885 1257 948 ipsi
1267 885 1442 934 credeb
1448 885 1755 948 ant,bonique
1765 884 1938 934 ominis

466 966 628 1030 gratia
652 967 702 1015 in
728 966 918 1016 bellicis
945 968 1333 1032 expeditionibus
1361 969 1668 1018 circumferre
1703 969 1937 1017 solebant.

465 1051 604 1100 Tunc
638 1052 843 1116 ipsemet
891 1053 1035 1101 etiam
1074 1051 1282 1102 Sinanus
1331 1054 1578 1117 copiarum
1615 1052 1712 1102 dux
1747 1053 1798 1100 in
1848 1066 1933 1102 eas

464 1134 553 1182 fuit
577 1135 804 1183 redactus
833 1135 1100 1197 angustias,
1131 1140 1183 1183 ut
1206 1135 1333 1183 inter
1359 1135 1639 1198 fugiendum
1665 1151 1691 1183 e
1716 1139 1863 1199 ponte
1886 1135 1937 1183 in

465 1218 689 1281 paludem
718 1218 966 1282 delapsus,
994 1219 1076 1266 vix
1103 1234 1133 1266 a
1159 1219 1259 1267 suis
1288 1223 1484 1282 ereptus
1510 1219 1559 1266 in
1600 1223 1764 1267 castra
1799 1217 1939 1267 redu-

466 1306 668 1350 ceretur.
696 1302 776 1350 Ita
799 1301 956 1365 pulsis
982 1301 1032 1349 in
1066 1306 1230 1350 castra
1255 1301 1507 1362 Barbaris‚
1545 1307 1747 1351 ovantes
1784 1300 1939 1357 nostri
1975 1325 1977 1329 .

466 1400 524 1434 ac
550 1384 698 1433 divite
724 1384 910 1448 praeda
936 1385 1095 1433 onusti
1122 1385 1184 1433 ad
1222 1399 1335 1433 suos
1375 1400 1428 1434 se
1466 1400 1712 1449 recepere.
1750 1383 1939 1445 Quodsi

466 1469 747 1532 defatigatis
777 1469 958 1517 nostris
987 1484 1142 1519 novae
1169 1469 1340 1533 copiae
1356 1469 1725 1530 succurrissent,
1751 1484 1808 1518 eo
1832 1469 1940 1533 ipso

467 1554 543 1601 die
582 1553 904 1617 proculdubio
957 1554 1016 1602 de
1067 1568 1252 1602 summa
1287 1569 1446 1602 rerum
1496 1553 1642 1602 statui
1685 1552 1940 1617 potuisset.

466 1637 678 1685 Emicuit
714 1637 762 1684 in
802 1651 858 1685 eo
897 1636 1084 1700 praelio
1122 1641 1319 1701 praeter
1356 1637 1479 1685 alios
1506 1636 1699 1685 Nicolai
1725 1634 1940 1701 Sennyei

468 1725 516 1769 et
541 1718 734 1768 Alberti
760 1718 960 1785 Kiralyi
986 1720 1139 1769 virtus
1167 1721 1355 1780 eximia,
1388 1720 1639 1769 victoriam
1666 1725 1941 1770 nostrorum

465 1804 737 1863 illustrans,
777 1819 881 1852 cum
921 1802 1123 1853 aliorum
1150 1803 1480 1868 complurium,
1520 1819 1779 1867 eorumque
1804 1804 1939 1852 nobi-

465 1887 760 1937 lissimorum
789 1888 1059 1937 Turcarum
1086 1889 1275 1949 caedeS‚
1314 1893 1411 1937 tum
1451 1888 1597 1937 etiam
1634 1888 1788 1952 ipsius
1814 1887 1941 1937 Has-

466 1972 573 2020 soni
598 1973 788 2022 Bassae
826 1973 1063 2022 interitus.
1103 1974 1180 2021 Ita
1216 1973 1369 2021 nostri
1403 1971 1640 2021 Barbaris
1677 1971 1942 2035 ingruenti-

468 2056 557 2104 bus
582 2055 632 2102 in
657 2055 792 2118 ipsas
820 2055 980 2104 avium
1005 2056 1172 2104 fauces
1199 2059 1595 2116 retrocesserunt,
1621 2054 1784 2117 ibique
1801 2052 1938 2102 Prin-

467 2139 619 2203 cipem
659 2137 1015 2201 Sigismundum
1055 2139 1279 2188 mandato
1319 2137 1422 2186 eius
1461 2142 1720 2202 expectare
1759 2141 1939 2186 statue-

466 2227 590 2270 runt.
620 2220 829 2270 Sinanus
855 2228 907 2271 ut
946 2227 1192 2286 acceptam
1230 2222 1298 2270 ibi
1334 2220 1646 2284 ignominiam
1681 2220 1937 2284 praeclaro

467 2304 631 2368 aliquo
657 2305 872 2354 facinore
900 2306 1099 2366 elueret,
1125 2305 1342 2354 Brailam
1383 2319 1556 2364 arcem,
1596 2303 1814 2352 ducentis
1852 2303 1940 2351 cir-

467 2388 587 2436 citer
612 2393 900 2448 nostrorum,
928 2390 1009 2451 qui
1034 2389 1082 2436 in
1110 2388 1355 2452 praesidio
1382 2387 1590 2450 fuerant,
1615 2387 1791 2452 partim
1833 2402 1939 2435 cae-

473 2471 557 2532 siS,
585 2471 760 2535 partim
788 2472 957 2535 captiS,
985 2476 1252 2535 recuperat,
1279 2476 1424 2535 atque
1438 2471 1604 2527 reficit.
1631 2469 1752 2520 Cum
1775 2471 1860 2519 vix
1874 2470 1942 2519 di-

469 2554 616 2603 midia
642 2554 874 2618 praesidii
899 2570 1016 2619 pars
1043 2556 1090 2603 in
1119 2562 1283 2605 castra
1315 2555 1581 2608 Michaelis
1611 2553 1867 2618 Vajvodae
1893 2559 1942 2603 et

470 2636 662 2686 Alberti
689 2638 891 2702 Kiralyi
917 2639 1057 2687 salua
1083 2639 1339 2687 evasisset.
1378 2638 1597 2687 Fuerunt
1620 2638 1668 2686 in
1694 2637 1940 2703 praesidio

471 2722 575 2771 eius
619 2722 745 2770 arcis
787 2738 881 2785 qua
919 2722 1121 2786 pedites,
1163 2738 1257 2786 qua
1291 2724 1477 2786 equites
1514 2722 1706 2773 circiter
1737 2721 1799 2771 ad
1825 2737 1938 2786 qua-

472 2805 767 2869 dringentos.

1065 2935 1119 2942 ..u-
1124 2936 1330 2941 ..-κῃ-...ψ
