2112 3288
838 163 890 207 fis
914 164 1101 208 numm.
1502 199 1510 202 »
1609 167 1725 214 LVII

226 304 372 353 gnum
388 304 500 338 esse
525 287 857 337 iudicaverim.
888 288 957 336 Vt
974 288 1099 337 enim
1115 289 1165 337 in
1180 290 1361 353 templo
1378 289 1473 338 Dei
1488 290 1725 339 offerebat

225 373 338 424 olim
363 372 696 437 unusquisque
723 372 853 436 quod
878 376 1091 437 poterat,
1132 388 1314 434 aurum,
1354 388 1586 435 gemmas„
1612 375 1726 438 bys-

225 475 344 519 sum,
382 471 663 524 purpuram,
703 456 1047 522 hyacinthum:
1076 457 1145 505 ita
1182 472 1311 506 nunc
1348 457 1472 505 nihil
1510 457 1726 523 impedit,

225 543 479 610 quominus
507 541 591 591 alii
618 542 830 606 patriam
857 542 1021 603 armis,
1061 541 1147 591 alii
1174 541 1408 603 consiliis,
1437 542 1522 591 alii
1548 543 1727 592 labori-

225 631 332 687 bus,
358 627 443 678 alii
471 626 684 692 scriptiS‚
725 625 811 675 alii
851 626 1060 690 denique
1088 626 1199 676 aliis
1239 626 1511 677 officiorum
1538 628 1727 691 generi-

226 714 324 764 bus
350 713 520 762 iuvent
544 727 604 761 ac
628 716 819 760 ornent.
860 711 1001 762 Haec
1033 727 1127 775 ego
1155 712 1378 776 quamvis
1406 712 1606 777 saepius
1633 728 1729 762 me-

229 814 335 849 cum
360 798 411 848 in
438 796 707 847 Germania
734 798 1113 859 considerarem,
1141 803 1189 847 et
1220 798 1404 863 aliquid
1438 799 1631 862 patriae
1657 813 1731 847 re-

228 882 374 934 medii
397 881 447 931 in
474 882 567 933 hoc
604 897 787 946 genere
827 869 1067 932 adhibere
1106 898 1360 948 cuperem:
1389 898 1633 947 nunquam
1660 887 1730 932 ta-

228 985 337 1020 men
362 984 422 1019 eo
449 966 687 1017 audaciae
726 967 964 1032 progredi
1004 968 1209 1017 fuissem
1248 982 1415 1028 ausus,
1454 967 1503 1015 ni
1537 966 1730 1016 alienae

231 1054 521 1120 disciplinae
548 1068 668 1102 cura
692 1052 743 1100 in
769 1052 896 1102 haec
933 1052 1054 1102 iuris
1095 1053 1318 1102 sacraria
1343 1052 1505 1118 magis
1533 1057 1732 1117 praeter

229 1155 367 1206 spem
393 1138 588 1188 delatus
626 1137 841 1197 fuissem,
883 1153 1027 1202 quam
1068 1155 1179 1187 mea
1205 1143 1379 1202 sponte
1407 1137 1730 1187 devenissem.

228 1225 380 1274 Eram
417 1221 733 1288 praepositus
771 1221 946 1270 alienis
986 1223 1176 1283 studiis,
1217 1223 1393 1287 quibus
1418 1229 1471 1272 ut
1512 1223 1733 1273 consule-

230 1324 347 1368 rem,
373 1306 535 1370 magis
560 1305 720 1362 etiam,
749 1321 893 1369 quam
920 1306 1055 1366 meisi,
1084 1322 1265 1372 operae
1291 1307 1499 1370 pretium
1525 1312 1646 1357 erat.
1675 1307 1735 1357 Id

234 1391 365 1458 quod
389 1395 528 1441 tanta
553 1390 662 1451 fide,
688 1390 932 1440 industria
960 1407 1020 1440 ac
1046 1392 1336 1441 assiduitate
1364 1393 1472 1453 feci,
1502 1398 1734 1457 quantam

233 1478 372 1528 Deus
399 1475 514 1541 Opt.
542 1476 674 1525 Max.
717 1491 776 1524 ac
801 1476 914 1524 boni
943 1476 1169 1541 doctique
1206 1477 1312 1537 viri,
1353 1478 1639 1541 quibuscum
1668 1477 1735 1526 vi-

231 1562 403 1621 ximus,
431 1560 604 1610 testari
641 1569 865 1626 possunt.
907 1560 1122 1611 Proinde
1163 1578 1268 1611 cum
1313 1562 1434 1618 eiUS,
1475 1562 1557 1626 qui
1595 1551 1737 1611 meae

230 1646 345 1696 fidei
395 1645 685 1695 commissus
724 1649 843 1704 erat,
897 1646 1137 1709 profectui
1187 1646 1478 1695 satisfacere
1529 1662 1735 1711 eumque

229 1729 444 1797 politicis
485 1728 622 1778 hisce
661 1729 839 1778 studiis
876 1729 1027 1779 imbui
1067 1731 1275 1780 maxime
1316 1747 1567 1796 cuperem:
1595 1733 1737 1797 coepi

230 1815 467 1881 quosdam
495 1814 795 1864 excellentes
837 1812 1136 1866 Germaniae
1175 1832 1235 1865 ac
1274 1814 1474 1866 Galliae
1509 1819 1737 1868 Iurecon-

231 1900 389 1951 sultos
415 1899 645 1949 obnixius
670 1915 863 1963 rogare,
903 1905 956 1949 ut
981 1916 1078 1950 non
1112 1906 1384 1965 graventur
1411 1903 1487 1951 ius
1515 1907 1735 1952 nostrum

176 1972 177 1977 ¹
232 1985 539 2049 Vngaricum
565 1984 803 2034 institutis
830 1985 1170 2050 imperialibus
1205 1987 1514 2050 coniungere.
1544 1986 1738 2050 Cogno-

231 2087 397 2122 veram
425 2070 551 2120 enim
593 2071 734 2132 leges
773 2076 971 2120 nostras
997 2087 1094 2121 non
1133 2071 1290 2121 solum
1330 2072 1500 2123 ordine
1535 2074 1737 2123 confuso

234 2155 471 2208 collectas
521 2171 581 2204 ac
630 2156 762 2220 stylo
817 2156 1065 2220 squallido
1108 2157 1416 2222 conscriptas
1469 2173 1595 2217 esse,
1648 2158 1737 2206 sed

234 2241 380 2291 etiam
405 2239 628 2306 plurimis
654 2241 828 2289 naevis
855 2245 1004 2305 atque
1019 2241 1292 2291 defectibus
1318 2247 1523 2292 scatere.
1552 2243 1737 2293 Verum

208 2317 326 2401 ¹&hoc
351 2341 446 2390 ego
486 2326 550 2374 ab
577 2325 638 2374 iis
664 2325 933 2390 impetrare
970 2341 1067 2392 non
1108 2327 1270 2391 potui,
1298 2328 1378 2377 vel
1413 2328 1542 2392 quod
1567 2344 1740 2378 verna-

226 2403 346 2494 'bula
374 2411 582 2476 quadam
610 2411 913 2460 characteris
954 2412 1254 2462 obscuritate
1295 2414 1358 2462 ab
1386 2413 1479 2462 hoc
1518 2414 1738 2463 instituto

240 2496 611 2564 deterrerentur,
667 2497 744 2545 vel
789 2496 919 2560 quod
970 2497 1235 2547 maioribus
1289 2498 1513 2563 occupati
1564 2498 1738 2547 studiis

164 2567 166 2569 ¹
245 2567 426 2632 nollent
473 2580 740 2630 minoribus
790 2581 949 2646 iisque
995 2582 1172 2632 alienis
1219 2582 1325 2632 sine
1365 2583 1578 2633 maxima
1616 2599 1739 2631 mer-

251 2664 363 2715 cede
426 2681 626 2730 operam
689 2682 828 2716 suam
891 2682 1091 2716 navare.
1155 2667 1320 2729 Quare
1370 2668 1508 2732 coepi
1548 2673 1740 2731 egomet

216 2750 377 2800 ¹nulla
403 2755 535 2800 certe
560 2752 837 2810 ambitione,
880 2752 968 2801 sed
1007 2753 1114 2802 sola
1141 2754 1335 2803 alienae
1370 2753 1478 2818 opis
1507 2753 1738 2816 despera-

226 2835 373 2887 tione
399 2834 448 2882 id
475 2850 504 2883 a
541 2851 615 2884 me
655 2836 806 2886 invito
846 2841 1156 2901 extorquere,
1204 2839 1332 2902 quod
1372 2855 1401 2886 a
1442 2836 1739 2886 doctissimis

230 2915 589 2993 {iureconsultis
615 2919 880 2985 impetrare
917 2938 1013 2971 non
1038 2927 1309 2986 potueram.
1366 2921 1466 2971 Sed
1505 2937 1610 2970 cum
1650 2938 1741 2972 nec

239 2996 480 3078 ldoctrina,
511 3019 602 3054 nec
624 3005 753 3055 bono
781 3006 876 3057 otio
902 3007 974 3057 ita
1001 3007 1317 3069 abundarem,
1347 3012 1398 3055 ut
1425 3006 1530 3056 sine
1558 3007 1740 3057 cortice
