2112 3288
846 186 899 230 iis
930 186 1119 231 numdi.
1529 201 1535 204 “
1638 190 1753 234 XLV

249 315 424 366 saltem
450 313 608 365 obiter
649 310 1050 377 percurrerimus,
1094 324 1187 359 nec
1215 307 1328 374 plus
1357 311 1591 375 temporis
1620 298 1756 361 hisce

249 399 522 467 Παρέργοις
558 395 842 462 impendere
881 395 962 445 vel
987 394 1182 445 licuerit
1219 396 1298 444 vel
1337 394 1484 445 etiam
1513 396 1712 445 libuerit
1741 416 1750 444 z

247 485 406 544 velim,
454 481 685 549 quicquid
722 480 804 529 hic
827 497 857 528 a
882 496 959 530 me
985 486 1241 546 peccatum
1275 485 1365 540 est,
1418 481 1564 545 aequi
1592 497 1751 531 rerum

249 569 592 622 aestimatores
630 565 951 617 humanitatis
991 564 1144 630 pallio
1182 564 1431 625 inducant,
1472 581 1660 630 suaque
1686 567 1753 615 in-

249 653 452 717 dustria,
480 668 589 703 cum
613 651 828 702 inventis
854 650 1037 701 addere
1060 665 1156 700 non
1182 649 1384 700 difficile
1412 651 1488 711 sit,
1516 651 1601 701 ubi
1627 652 1759 701 facto

165 801 169 803 ‚
247 754 372 806 opus
399 744 489 795 est,
516 736 784 801 corrigant.

387 821 533 884 Quod
558 822 601 872 si
626 820 848 881 fecerint,
875 825 953 870 est
978 819 1110 885 quod
1134 820 1253 869 mihi
1280 822 1518 883 gratuler,
1545 821 1755 872 erudito-

243 921 448 972 rumque
485 906 667 957 iudicia
705 905 873 969 magni
909 905 1104 955 faciam.
1144 903 1234 954 Sin
1261 906 1451 955 minus:
1488 921 1564 955 me
1592 912 1756 956 tamen

244 991 389 1043 huius
428 992 619 1042 laboris
659 991 880 1057 suscepti
919 990 1115 1040 minime
1165 991 1451 1056 poenitebit.
1508 992 1635 1042 Nam
1676 998 1760 1041 aut

241 1077 424 1143 optime
450 1077 566 1127 mihi
603 1077 828 1126 conscius
878 1075 1234 1138 vitiligatorum
1286 1076 1560 1126 calumnias
1611 1075 1758 1126 facile

242 1167 563 1224 contemnam,
590 1167 675 1212 ant
699 1161 845 1211 huius
873 1161 1068 1226 opellae
1096 1161 1288 1211 Momos
1322 1167 1470 1226 atque
1497 1161 1668 1212 Zoilos
1695 1162 1757 1210 ad

243 1246 425 1295 similia
450 1247 532 1296 vel
558 1246 704 1296 etiam
730 1246 919 1296 maiora
946 1246 1139 1295 felicius
1166 1247 1416 1307 tentanda,
1444 1263 1571 1311 quae
1599 1247 1757 1296 adhuc

243 1344 442 1397 semper
468 1346 684 1381 meorum
710 1331 760 1380 in
786 1331 877 1381 tali
902 1347 1089 1395 genere
1115 1332 1504 1381 lucubrationum
1532 1347 1682 1397 prora
1709 1338 1756 1381 et

242 1415 425 1481 puppis
465 1415 568 1477 suit,
608 1431 714 1465 cum
754 1414 952 1479 publico
990 1415 1063 1465 rei
1103 1415 1354 1466 literariae
1381 1417 1510 1466 bono
1537 1418 1617 1482 pie
1645 1418 1752 1466 irri-

241 1499 371 1550 tabo.

526 1592 634 1637 Vive,
653 1593 752 1639 vale,
770 1604 817 1629 ac
833 1593 865 1629 si
885 1593 977 1639 quid
995 1592 1137 1630 novisti
1156 1593 1295 1629 rectius
1314 1593 1408 1641 istis,

524 1653 639 1690 Vtere
658 1657 699 1689 tu
719 1657 844 1690 tecum
863 1669 870 1690 :
890 1652 930 1689 Si
956 1666 1055 1690 non:
1075 1653 1134 1690 his
1152 1658 1260 1691 utere
1279 1667 1435 1691 mecum.

958 1878 1022 1926 II.

805 2016 1153 2061 TRISTIOHON

405 2162 467 2193 AD
488 2162 758 2193 MICHAELEM
779 2163 1078 2195 FORGACHIUM
1101 2164 1315 2195 BARONEM
1341 2166 1401 2194 DE
1425 2164 1575 2209 G1Mics,

232 2220 332 2268 (cum
351 2221 573 2259 Orationem
592 2223 639 2259 de
659 2223 978 2275 Magnanimitate
997 2224 1179 2270 scriptam
1199 2228 1238 2260 et
1255 2225 1451 2262 recitatam
1470 2225 1738 2274 Wittebergae

709 2285 755 2321 Α.
773 2284 1062 2322 MDLXXXIX
1081 2287 1244 2328 ederet).

306 2407 503 2476 Aspice,
530 2411 686 2461 lector
714 2410 883 2470 amice,
911 2410 1060 2460 animi
1087 2411 1147 2461 de
1173 2426 1373 2461 munere
1400 2414 1567 2477 magni

372 2494 615 2561 Quicquid
640 2495 793 2546 habet
806 2495 1017 2557 Latium,
1046 2494 1267 2546 Graecia
1294 2497 1527 2563 quicquid
1554 2499 1705 2547 habet
1729 2520 1735 2546 :

305 2576 401 2628 Ast
423 2583 491 2645 tu,
519 2580 886 2646 Forgachidum
913 2594 1031 2646 spes
1058 2581 1285 2643 maxima,
1313 2583 1394 2647 qui
1423 2584 1559 2632 canis
1586 2584 1696 2640 ista,

373 2661 514 2714 Haec
538 2665 710 2716 eadem
738 2671 787 2715 et
812 2666 985 2727 facias,
1013 2671 1061 2717 te
1089 2667 1219 2732 quod
1245 2667 1310 2717 ad
1336 2674 1473 2718 astra
1500 2668 1658 2717 vehat.

302 2747 515 2810 Magnus
541 2765 597 2799 es
621 2750 839 2814 ingenio,
868 2751 1024 2801 maior
1051 2752 1329 2811 virtutibuS,
1357 2758 1435 2801 ast
1467 2758 1518 2800 ut

374 2832 591 2884 Maxima
615 2839 664 2884 te
689 2835 859 2901 cingat
885 2835 1061 2899 gloria,
1093 2853 1272 2900 magna
1297 2845 1454 2901 petas.

1107 2918 1269 2955 loannes
1286 2916 1452 2953 Deezius

895 2977 934 3013 in
954 2978 1166 3025 symbolum
1188 2978 1340 3014 debitae
1362 2978 1640 3015 observantiae,
