2112 3288
686 180 751 214 DE
778 181 885 214 ΗΕΒ.
915 180 1028 215 vNG.
1054 180 1164 215 ΠΕΟ.
1190 181 1256 215 XI.
1281 182 1324 217 L.
1352 184 1402 220 11.
1490 158 1499 162 ”
1684 169 1794 233 ’325

291 299 543 362 ablegant.
586 298 705 346 Mox
734 312 843 346 cum
871 297 998 346 varii
1032 297 1091 346 (le
1120 298 1395 348 Turcarum
1423 303 1681 353 conatibus
1720 319 1796 352 ru-

286 397 450 431 mores
489 386 860 446 spargerentur,
902 379 1162 431 celerrimo
1205 382 1381 432 itinere
1420 382 1600 434 Albam
1627 387 1795 437 Iuliam

223 498 226 499 ν
283 465 534 517 redierunt
559 466 624 517 ad
649 465 752 516 XX
780 465 910 516 diem
935 465 1076 516 Iunii.

901 670 1185 678 ——-——-

715 827 950 881 cAPvT
990 811 1352 880 ocTAVVM.

438 937 516 986 De
548 936 876 987 Csanadz'ensz'
900 939 1144 1005 obsidione
1170 941 1365 1003 eiusque
1390 938 1641 988 solutione.

424 1057 595 1108 Pridie
635 1058 742 1108 eius
781 1058 892 1121 diei,
933 1074 1028 1123 quo
1058 1074 1121 1108 ex
1147 1058 1489 1125 Transalpina
1525 1059 1793 1118 redierunt,

282 1143 487 1193 allatum
538 1148 615 1193 est
664 1143 846 1207 legatis
899 1141 1166 1193 Caesareis
1219 1141 1503 1194 Csanadum
1549 1160 1714 1194 arcem
1766 1161 1797 1193 a

282 1227 464 1278 Turcis
490 1243 602 1277 esse
628 1228 887 1287 obsessam
915 1229 978 1278 ad
1003 1229 1148 1278 XIX.
1177 1229 1304 1278 diem
1318 1229 1458 1279 Iunii.
1475 1230 1639 1279 Bassa
1666 1229 1794 1278 enim

283 1311 734 1373 Tomosvaricnsis,
786 1328 932 1377 quum
966 1312 1245 1376 Principem
1283 1311 1649 1376 Sigismundum
1700 1314 1797 1363 dis-

281 1396 514 1458 cessisse,
546 1397 949 1461 provinciamque
988 1403 1122 1447 certo
1150 1390 1482 1462 {gubernatore
1510 1398 1795 1449 destitutam

280 1479 333 1529 in
368 1479 557 1529 incerto
595 1470 833 1530 fluctuare
871 1481 1173 1546 accepisset,
1212 1486 1350 1531 ratus
1402 1480 1498 1531 hac
1535 1483 1795 1533 occasione

282 1564 446 1628 magis
470 1563 663 1624 idonea,
702 1580 848 1629 quam
873 1580 1085 1630 unquam
1111 1571 1274 1629 antea,
1298 1566 1545 1627 utendum,
1573 1582 1796 1632 assump-

281 1655 334 1700 ta
372 1665 554 1713 magna
580 1664 780 1700 suorum
817 1667 974 1713 mann,
1014 1667 1077 1701 ex
1102 1651 1370 1716 improviso
1397 1650 1683 1702 Gsanadum
1711 1653 1794 1702 ob-

282 1734 497 1784 sederat.
548 1734 688 1785 Nihil
731 1735 857 1784 enim
897 1735 1166 1797 dubitabat,
1206 1735 1322 1799 quin
1356 1736 1438 1785 vel
1464 1736 1795 1794 desereretur,

263 1819 363 1868 'vel
386 1832 505 1868 vero
544 1818 595 1867 vi
620 1835 650 1868 a
675 1819 861 1873 nostris
888 1819 1120 1884 oppidum
1160 1819 1342 1870 finibus
1368 1820 1596 1870 Turcicis
1637 1836 1794 1885 usque

281 1903 407 1952 adeo
445 1902 743 1953 insinuatum
779 1905 1037 1968 repentine
1074 1904 1188 1970 capi
1223 1910 1410 1970 posset.
1437 1905 1677 1955 Praeerat
1690 1906 1794 1955 arci

281 1987 550 2038 Ladislaus
575 1988 731 2050 More,
763 1989 840 2038 vir
866 1989 1095 2038 militaris
1134 1995 1183 2038 et
1221 1990 1485 2039 animosus.
1536 1991 1589 2038 Is
1640 1990 1792 2039 misso

283 2072 544 2123 confestim
571 2071 753 2121 Albam
779 2072 970 2132 nunciO,
998 2087 1102 2121 rem
1127 2072 1427 2123 Proceribus
1454 2073 1716 2137 significat,
1743 2078 1793 2122 et

281 2171 426 2223 opem
450 2161 704 2218 maturam,
719 2157 817 2207 sibi
839 2157 962 2206 ferri
985 2158 1218 2220 postulat.
1246 2155 1466 2222 Cumque
1491 2173 1584 2207 nec
1610 2174 1640 2207 a
1665 2172 1792 2206 com-

279 2246 456 2302 meatu,
494 2257 586 2291 nec
623 2242 687 2290 ab
716 2241 829 2291 aliis
854 2242 1004 2291 rebus
1031 2241 1096 2290 ad
1121 2241 1460 2291 sustinendam
1485 2242 1792 2291 obsidionem

278 2324 580 2375 necessariis
607 2329 688 2374 sat
711 2329 938 2388 paratum
965 2339 1020 2374 se
1046 2325 1257 2375 videret:
1283 2323 1601 2375 nihilominus
1626 2331 1793 2375 tamen

277 2408 501 2459 ultimam
523 2409 751 2458 fortunae
776 2410 936 2459 aleam
962 2410 1180 2475 experiri
1217 2410 1402 2460 statuit.
1439 2411 1617 2475 Itaque
1640 2411 1791 2461 rebus

280 2493 505 2543 omnibus
541 2493 607 2543 ad
643 2494 982 2559 repellendam
1019 2494 1118 2543 vim
1141 2494 1480 2545 Barbarorum
1522 2495 1791 2557 instructis,

280 2577 598 2646 paratissimo
623 2593 841 2643 pugnam
867 2579 1028 2629 animo
1054 2579 1473 2644 praestolabatur,
1512 2578 1657 2639 Quod
1682 2594 1790 2629 cum

281 2660 497 2711 Barbari
521 2662 844 2727 accepissent,
871 2678 960 2728 spe
1002 2678 1092 2713 sua
1117 2663 1357 2725 frustrati,
1384 2667 1576 2712 tentata
1612 2663 1790 2713 leniter

283 2745 664 2811 oppugnatione,
705 2746 1015 2812 adventuque
1058 2748 1350 2798 auxiliorum
1389 2747 1572 2808 territi,
1613 2747 1788 2797 itinere

281 2829 432 2892 fugae
459 2829 608 2879 simili
634 2831 996 2882 Tomosvarum
1028 2833 1200 2898 paucis
1226 2847 1424 2882 suorum
1452 2831 1649 2880 amissis
1675 2847 1788 2881 sese

283 2918 589 2978 receperunt.
631 2915 738 2963 Iam
763 2916 893 2965 enim
924 2918 1110 2967 auxilia
1135 2917 1472 2982 Lippensium,
1512 2916 1789 2966 Jeneiensi-

282 3011 377 3060 um,
405 2996 800 3063 Varadiensium,
829 3006 977 3066 atque
1004 3002 1466 3066 Transylvanorum
1500 3001 1548 3049 in
1576 3001 1682 3050 dies
1722 3000 1790 3049 af-
