2112 3288
483 171 586 222 258
997 190 1059 222 10.
1087 190 1221 223 nncu
1247 190 1444 224 BAnovn

480 304 562 366 qui
587 318 693 352 cum
721 308 855 352 esset
870 305 1064 354 natione
1091 306 1263 354 Thrax
1293 306 1467 368 (vulgo
1494 305 1747 369 appellant
1771 305 1975 358 338013-

477 388 629 447 1111111),
655 388 927 450 praeclaris
955 390 1259 453 superiorum
1274 403 1509 438 annorum
1521 388 1823 438 facinoribus
1840 403 1973 452 mag-

478 484 588 517 nam
638 470 831 519 virtutis
871 471 1146 536 opinionem
1180 472 1275 521 sibi
1309 472 1440 536 apud
1465 486 1632 521 01111108
1659 486 1973 536 comparave-

477 555 568 599 rat.
623 554 675 602 Is
715 568 822 621 cum
862 555 1056 618 reliqua
1082 560 1449 605 antecursorum
1475 559 1616 619 parte
1651 555 1972 619 praemissus,

479 636 699 697 quamvis
726 636 942 687 timidius
983 653 1036 686 se
1077 654 1219 702 quam
1259 638 1491 687 decuerat
1517 637 1785 701 gessisset:
1811 642 1974 688 tamen

476 717 842 768 cohortantibus
870 721 1185 781 11081131111118,
1213 721 1386 771 obvios
1402 736 1622 786 quosque
1638 708 1970 781 Barbarorum

475 801 526 849 in
549 802 717 865 fugam
743 804 904 867 vertit,
932 820 991 854 30
1017 805 1224 870 primum
1261 805 1392 854 intra
1431 805 1730 865 suburbium,
1770 820 1883 854 mox
1920 805 1971 853 in

476 885 766 936 munitiones
794 889 1054 952 compellit.
1106 888 1302 937 Turcae
1342 889 1553 937 desertis
1581 888 1892 950 suburbanis,
1920 894 1969 938 et

474 972 573 1015 tam
601 975 871 1020 commeatu
908 972 1086 1036 raptim
1111 971 1240 1020 intra
1266 972 1456 1021 moenia
1483 977 1800 1036 comportatO,
1827 987 1970 1035 quam

476 1049 698 1115 Vngaris
727 1060 775 1103 et
800 1055 1080 1116 Rascianis‚
1120 1056 1202 1118 qui
1239 1071 1328 1119 per
1362 1059 1571 1104 aetatem
1599 1054 1762 1105 idonei
1787 1055 1969 1105 labori-

473 1135 565 1183 bus
604 1137 871 1185 tolerandis
910 1137 1217 1198 videbantur,
1268 1153 1445 1200 magno
1484 1153 1682 1186 numero
1720 1138 1770 1187 in
1808 1153 1971 1187 arcem

474 1219 767 1282 compulsiS,
820 1225 990 1284 portas
1029 1220 1312 1282 occludunt,
1364 1236 1515 1284 seque
1554 1220 1616 1270 ad
1665 1221 1970 1271 tolerandam

473 1301 778 1351 obsidionem
804 1319 981 1367 magno
1010 1304 1170 1354 animo
1195 1309 1512 1369 praeparant.
1551 1305 1734 1366 Nostri,
1762 1305 1966 1375 direptis

472 1385 782 1448 suburbanis
823 1404 880 1436 ac
916 1389 1040 1437 locis
1077 1389 1299 1438 omnibus
1346 1389 1658 1439 circumcirca
1707 1390 1967 1452 diligenter

473 1470 713 1533 excussis,
741 1470 918 1520 idonea
945 1472 1125 1521 castris
1163 1473 1275 1522 loca
1302 1473 1514 1536 capiunt,
1556 1478 1605 1521 01
1629 1477 1801 1522 0011113
1826 1487 1966 1536 erup-

471 1552 629 1601 tiones
653 1553 861 1603 hostiles
889 1554 1151 1619 diligenter
1171 1571 1224 1604 se
1238 1555 1594 1620 praemuniunt.
1622 1554 1776 1605 Affuit
1787 1561 1964 1620 postea

472 1633 712 1699 Princeps
741 1652 932 1701 quoque
958 1654 1063 1687 cum
1090 1639 1336 1687 universis
1364 1639 1516 1703 copiis
1545 1638 1648 1687 sole
1663 1638 1726 1687 ad
1739 1653 1965 1689 occasum

473 1725 722 1784 vergente,
749 1726 798 1769 et
824 1737 929 1770 cum
956 1727 1109 1771 totam
1133 1723 1303 1772 urbem
1330 1722 1542 1787 undique
1566 1727 1770 1787 propter
1795 1722 1965 1788 ampli-

471 1802 688 1851 tudinem
713 1803 968 1852 obsidione
995 1804 1126 1867 cingi
1162 1820 1258 1853 non
1290 1818 1443 1868 posse
1468 1804 1682 1853 videret:
1719 1805 1845 1854 hanc
1869 1805 1965 1854 sibi

471 1886 911 1937 commodissimam
938 1888 1057 1936 belli
1082 1888 1320 1937 rationem
1346 1887 1579 1936 iudicavit
1597 1889 1728 1937 fore:
1755 1893 1808 1937 ut
1820 1904 1962 1953 prae-

478 1970 621 2034 cipua
646 1970 783 2019 urbis
809 1970 921 2020 loca
957 1971 1112 2020 ternis
1150 1971 1328 2020 castris
1367 1971 1759 2033 circumduceret,
1798 1976 1847 2021 et
1880 1973 1965 2021 tri-

471 2054 565 2103 bus
591 2069 653 2102 ex
676 2055 901 2119 partibus
927 2070 1176 2118 aggerem,
1202 2055 1471 2119 vineasque
1497 2055 1561 2103 ad
1586 2055 1814 2120 oppidum
1841 2071 1961 2120 age-

473 2142 563 2186 ret.
610 2140 785 2202 Itaque
811 2139 1024 2188 statione
1051 2139 1307 2202 unicuique
1347 2139 1517 2188 ducum
1555 2139 1826 2203 assignata,
1863 2143 1989 2191 tor-.

472 2221 746 2285 mentisque
771 2223 864 2271 rite
892 2222 1159 2287 dispositis,
1200 2222 1362 2286 coepit
1400 2222 1570 2271 eadem
1607 2222 1718 2287 ipsa
1743 2227 1885 2292 nocte
1909 2223 1960 2271 in

471 2319 632 2353 muros
669 2304 909 2366 intonare,
946 2311 1085 2354 131113
1123 2305 1428 2366 assiduitate,
1466 2310 1518 2353 ut
1557 2305 1768 2369 quinque
1807 2306 1957 2354 conti-

471 2401 593 2435 nuos
622 2387 726 2436 dies
754 2404 814 2436 ea
839 2389 1111 2437 fulminatio
1139 2388 1402 2437 duraverit.
1431 2387 1540 2446 Qua
1564 2403 1618 2437 re
1632 2390 1854 2438 effectum
1868 2394 1958 2450 est,

469 2475 522 2519 ut
547 2471 702 2519 muris
740 2471 841 2520 late
869 2471 1040 2520 dirutis
1067 2471 1259 2535 amplus
1293 2471 1389 2519 iam
1414 2470 1462 2542 in
1488 2472 1657 2520 urbem
1682 2473 1844 2522 aditus
1870 2488 1959 2538 per

468 2554 635 2603 ruinas
661 2554 981 2619 panderetur:
1011 2555 1099 2603 sed
1124 2555 1246 2603 tanti
1273 2559 1411 2603 erant
1424 2555 1688 2619 antiquitus
1713 2557 1764 2605 in
1779 2556 1957 2621 oppido

466 2637 676 2686 omnium
714 2653 874 2687 rerum
912 2638 974 2686 ad
998 2638 1179 2686 bellum
1207 2643 1492 2702 apparatus,
1528 2643 1666 2688 tanta
1702 2640 1956 2690 multitudo

467 2725 832 2783 tormentorum,
856 2725 994 2771 tanta
1019 2720 1226 2783 denique
1264 2725 1682 2785 propugnatorum
1707 2722 1956 2788 alacritas,

464 2809 517 2853 ut
543 2805 776 2869 quidquid
801 2805 956 2855 nostri
983 2819 1010 2852 e
1034 2803 1183 2853 muris
1221 2803 1433 2852 interdiu
1471 2804 1732 2866 diruerent,
1769 2806 1820 2854 id
1856 2823 1955 2857 ma-

465 2887 609 2936 ximis
648 2889 860 2937 Barbari
910 2887 1140 2953 operibus
1190 2891 1335 2936 noctu
1372 2888 1682 2938 resarcirent.
1735 2888 1952 2940 Crebrae

464 2970 610 3020 0113111
658 2988 748 3036 per
785 2972 820 3022 J
824 2972 1049 3022 anizaros
1106 2971 1387 3034 eruptiones
1425 2972 1608 3021 fiebant
1658 2989 1717 3021 ex
1758 2974 1950 3038 oppid0,
