2112 3288
430 219 628 263 XXXVI
940 230 1071 262 onem
1095 218 1232 263 JANOS
1261 219 1405 262 numm

914 688 1441 762 FUGGELuK

1163 984 1201 1031 I.

607 1110 926 1154 PRAEFATIO
950 1112 1027 1154 AD
1061 1111 1367 1154 LECTOREM
1398 1110 1754 1154 ADAGIORUM

1124 1242 1249 1284 1588,

819 1385 1059 1435 Benevola
1100 1385 1289 1433 Lectori
1314 1382 1363 1433 S.
1403 1384 1456 1432 P.
1489 1383 1552 1431 D.

586 1529 641 1580 Si
691 1530 799 1594 quis
849 1533 939 1590 est,
979 1528 1183 1578 candide
1235 1528 1429 1587 Lector,
1471 1527 1553 1591 qui
1592 1527 1805 1587 miretur,
1854 1543 1930 1577 me

436 1617 565 1664 hunc
613 1614 835 1664 laborem
883 1612 1263 1662 Proverbiorum
1314 1612 1483 1661 nativa
1534 1611 1703 1674 lingua
1752 1611 1930 1660 donan-

437 1700 607 1749 dorum
633 1697 941 1762 suscepisse:
971 1695 1095 1746 sciat
1126 1695 1171 1745 is
1210 1695 1368 1756 velim,
1407 1711 1483 1744 me
1521 1711 1611 1745 nec
1630 1693 1929 1744 abundantia

436 1783 534 1843 otii,
561 1797 654 1846 quo
680 1782 759 1831 vel
772 1780 981 1829 maxime
996 1779 1210 1842 indigeo,
1240 1794 1329 1829 nec
1345 1775 1791 1845 πολυπραγμοσύνῃ
1807 1793 1928 1842 qua-

437 1867 561 1927 dam,
588 1866 782 1929 aliaque
807 1865 908 1914 ulla
933 1863 992 1913 de
1019 1879 1168 1913 causa
1194 1863 1283 1913 has
1304 1868 1471 1928 partes
1496 1862 1612 1911 mihi
1638 1861 1922 1927 sumpsisse,

435 1951 531 2000 nisi
557 1954 605 1999 et
630 1964 718 2015 pro
745 1965 854 1998 mea
878 1953 1018 2014 parte
1045 1947 1175 1997 virili
1201 1947 1396 2012 publico
1422 1947 1548 1996 bono
1574 1945 1647 1995 rei
1673 1944 1925 1995 literariae

437 2035 752 2084 consulerem.
780 2034 946 2083 Tanta
973 2036 1050 2082 est
1082 2032 1208 2081 enim
1244 2031 1387 2081 huius
1423 2031 1580 2096 partis
1619 2028 1928 2092 Philologiae

439 2119 705 2183 antiquitas
732 2123 780 2167 et
818 2117 1047 2180 dignitaS,
1086 2122 1223 2166 tanta
1265 2116 1409 2165 etiam
1446 2115 1647 2173 utilitas,
1687 2119 1834 2178 atque
1859 2112 1929 2162 iu-

437 2203 674 2265 cunditas,
700 2207 755 2251 ut
780 2202 822 2251 si
850 2202 958 2266 quis
997 2216 1082 2250 eas
1107 2200 1369 2267 σαφέςερον
1394 2215 1452 2249 ac
1488 2198 1743 2266 operosius
1780 2196 1930 2246 vellet

436 2303 722 2338 recensere:
752 2300 845 2335 nae
871 2286 915 2335 is
942 2285 1143 2334 laterem
1171 2285 1355 2344 lavare,
1382 2288 1467 2333 aut
1485 2288 1644 2333 actum
1670 2296 1834 2345 agere,
1859 2280 1924 2329 iu-

438 2370 672 2420 dicandus
698 2369 958 2419 videretur.

579 2455 645 2503 Et
671 2453 862 2517 quidem
890 2452 1154 2517 antiquitas
1188 2451 1267 2499 vel
1305 2465 1367 2498 ex
1393 2465 1451 2498 eo
1490 2452 1640 2512 patet,
1679 2446 1806 2511 quod
1831 2446 1925 2496 Pa-

436 2537 660 2596 roemiae‚
699 2542 825 2586 teste
852 2536 1122 2589 Aristotele
1155 2533 1281 2598 apud
1319 2531 1593 2597 Synesium‚
1635 2530 1755 2579 nihil
1794 2531 1925 2579 aliud

443 2636 556 2671 esse
582 2619 850 2681 videantur,
877 2635 1022 2684 quam
1046 2617 1283 2683 reliquiae
1310 2632 1368 2665 ac
1395 2615 1596 2678 igniculi
1623 2614 1819 2679 quidam
1831 2613 1927 2679 pri—

437 2721 553 2756 scae
588 2704 721 2754 illius
756 2703 1104 2769 Philosophiae
1131 2707 1277 2764 atque
1302 2699 1595 2764 sapientiae,
1634 2714 1758 2763 quae
1795 2698 1926 2762 apud

438 2794 632 2839 veteres
658 2789 804 2852 longe
831 2803 971 2852 quam
1000 2786 1127 2851 apud
1154 2790 1379 2848 posteros
1405 2782 1728 2847 incorruptius
1754 2782 1921 2845 viguit.

436 2872 582 2938 Apud
606 2873 888 2938 prophanos
915 2875 1047 2921 certe
1068 2870 1281 2919 Homero
1315 2867 1549 2916 neminem
1577 2866 1783 2928 legimus
1807 2866 1923 2915 fuis-

434 2973 493 3008 se
521 2957 850 3018 vetustiorem,
877 2957 1010 3006 cuius
1049 2955 1239 3019 quidem
1280 2953 1464 3017 scripta
1502 2952 1564 3000 ad
1602 2966 1690 3001 nos
1734 2951 1922 3012 integre
