2112 3288
449 160 513 207 74
696 202 698 204 ,
965 175 1027 207 10.
1055 175 1188 208 DEcn
1213 175 1412 208 BARovn

440 279 769 340 incursionem
795 291 1031 352 facerent,
1059 291 1188 339 omni
1213 291 1403 341 ratione
1443 291 1554 351 sibi,
1603 293 1733 340 intra
1771 291 1934 350 officii,

442 374 809 437 religionisque,
865 390 1010 438 quam
1061 389 1357 423 communem
1421 375 1651 435 colerent,
1702 375 1934 423 terminos

443 459 761 509 continendas
787 459 1109 521 intelligebat.
1139 458 1452 510 Pachiolcius
1478 461 1629 523 igitur
1655 461 1704 509 in
1720 476 1777 510 eo
1803 465 1935 510 totus

443 546 565 603 erat,
592 547 645 591 ut
669 541 993 607 persuaderet
1019 541 1249 605 Principi,
1291 558 1398 591 eam
1436 544 1742 592 occasionem
1781 544 1827 592 ei
1851 544 1936 592 mi·

441 627 570 674 nime
595 624 957 688 negligendam,
987 639 1083 688 qua
1108 640 1204 673 non
1230 630 1330 674 tam
1357 624 1578 688 Caesari,
1631 628 1768 677 cuius
1808 627 1935 677 adeo

440 723 738 774 propensum
763 708 814 757 in
841 724 895 757 se
923 709 1133 757 animum
1160 708 1376 769 videret,
1426 710 1571 759 fidem
1597 726 1734 761 suam
1759 712 1936 776 proba-

441 798 529 853 ret,
557 808 701 857 quam
728 793 876 841 rebus
905 792 1007 840 suis
1045 792 1096 840 in
1134 792 1374 856 reliquum
1412 808 1552 842 omne
1590 799 1803 859 tempus,
1857 799 1939 844 aut
1983 827 1989 831 ,

440 892 567 926 nunc
594 877 885 936 consuleret,
914 880 997 925 aut
1025 876 1121 924 alio
1150 891 1310 925 rerum
1338 881 1472 926 statu
1499 877 1582 924 vix
1597 894 1811 942 unquam
1825 893 1938 927 con-

442 959 659 1009 sulturus
679 959 943 1008 videretur.
993 959 1103 1007 Non
1143 973 1255 1007 esse
1294 958 1610 1008 dubitandum
1649 961 1940 1023 affirmabat,

441 1059 584 1092 unam
622 1043 749 1091 hanc
789 1057 1086 1091 communem
1126 1043 1333 1091 omnium
1384 1041 1775 1096 Christianorum
1828 1059 1940 1094 esse

435 1132 664 1184 mentem,
691 1132 745 1175 ut
774 1127 1013 1175 Barbaris
1039 1127 1264 1176 hostibus
1291 1128 1361 1175 ita
1389 1143 1525 1177 arma
1561 1128 1848 1190 inferantur,
1886 1133 1940 1177 ut

442 1213 549 1260 Deo
578 1225 743 1258 eorum
780 1210 908 1257 votis
949 1215 1204 1270 annuente,
1256 1214 1370 1258 tunc
1409 1211 1598 1259 demum
1624 1211 1940 1276 deponantur,

439 1311 543 1343 cum
570 1294 738 1343 iniusti
765 1293 923 1353 huius,
951 1298 1000 1341 et
1025 1293 1254 1342 violentis
1281 1294 1498 1358 ipsorum
1524 1295 1735 1359 imperii,
1779 1295 1938 1345 exitii-

440 1394 532 1442 que
558 1377 704 1426 finem
731 1392 850 1425 ,esse
889 1376 1169 1441 impositum
1207 1376 1442 1425 viderent.
1495 1377 1808 1443 Responsum
1846 1377 1938 1428 Pa-

442 1461 641 1510 chioltio
681 1459 919 1509 eiusmodi
936 1459 1100 1508 datum
1127 1464 1216 1520 est,
1245 1476 1305 1508 ex
1334 1475 1427 1524 quo
1441 1447 1652 1525 intelligi
1665 1462 1813 1511 facile
1826 1476 1939 1526 pos-

440 1551 530 1605 set,
558 1545 1020 1608 Transylvanorum
1062 1559 1170 1592 eam
1209 1559 1320 1593 esse
1360 1545 1700 1607 conditionem,
1747 1551 1800 1602 ut
1835 1562 1942 1595 cum

448 1629 626 1678 Turcis
654 1628 876 1690 subiecti,
906 1644 964 1676 ea
990 1644 1086 1676 una
1111 1644 1179 1687 rc,
1209 1628 1258 1676 in
1284 1632 1423 1676 tanta
1451 1644 1615 1677 eorum
1669 1635 1716 1678 et
1742 1630 1942 1694 propin-

448 1714 658 1777 quitate,
703 1718 751 1761 et
785 1713 1018 1776 potentia,
1046 1713 1327 1761 libertatem
1368 1728 1505 1762 suam
1533 1719 1774 1775 tueantur,
1800 1715 1944 1764 novis

449 1797 680 1857 consiliis,
711 1812 836 1860 quae
864 1812 1016 1860 saepe
1042 1797 1176 1845 laeta
1201 1797 1365 1858 initio,
1418 1798 1548 1847 exitu
1575 1798 1740 1847 tristia
1766 1799 1943 1862 forent,

450 1880 705 1929 intendere
731 1869 868 1943 prius
903 1880 1126 1939 animum,
1178 1895 1322 1943 quam
1365 1879 1632 1929 Christiani
1684 1882 1947 1935 distractas

449 1965 694 2013 intestinis
721 1963 867 2012 bellis
895 1963 1027 2011 vires
1067 1964 1130 2012 ad
1157 1965 1313 2013 solam
1328 1964 1656 2013 Barbarorum
1683 1964 1947 2029 pernicicm

451 2049 746 2103 conferrent,
773 2047 905 2096 haud
930 2052 1083 2096 tutum
1111 2048 1205 2096 sibi
1245 2062 1357 2096 esse
1397 2047 1589 2096 ducant.
1642 2050 1840 2097 Interea
1877 2053 1947 2097 ta·

451 2149 559 2181 men
585 2132 768 2179 nnllam
809 2131 1113 2180 occasionem
1152 2132 1742 2195 praete1·missuros,qua,
1787 2131 1948 2197 patria

449 2216 690 2264 incolumi.
722 2215 781 2263 de
808 2214 1043 2273 Caesare,
1074 2215 1230 2278 deque
1258 2220 1468 2276 cognata
1484 2220 1643 2278 gente,
1660 2221 1807 2280 atque
1821 2230 1947 2263 com-

452 2299 580 2348 muni
608 2298 847 2361 religione
875 2299 1000 2347 benc
1027 2299 1204 2347 mereri
1232 2303 1423 2362 queant.

811 2558 815 2561 ’
870 2559 1102 2613 OAPVT
1143 2559 1519 2609 SEPTIMVM.

490 2681 567 2728 De
591 2679 768 2729 Sinam
809 2682 874 2728 act'
911 2680 1214 2745 Bclyraclztm
1239 2677 1412 2737 reditu,
1439 2686 1480 2724 ec
1520 2678 1824 2742 Vnyarorum
1850 2676 1917 2724 ad

722 2762 1034 2825 Rzadolplzum
1075 2761 1423 2824 Imperatorem
1448 2760 1690 2825 leyatione.

597 2881 810 2930 Sinanus
839 2897 897 2930 eo
926 2881 975 2928 in
1003 2881 1127 2939 loco,
1169 2894 1309 2941 quem
1348 2878 1585 2938 diximus,
1637 2894 1743 2927 cum
1783 2878 1842 2926 de
1869 2892 1951 2925 ra-

451 2964 586 3014 tione
612 2966 822 3015 tuendae
849 2963 1146 3033 provinciae,
1186 2978 1290 3011 cum
1331 2963 1433 3012 suis
1462 2962 1667 3019 consilia
1696 2958 1952 3015 communi-
