2112 3288
621 207 685 238 DE
711 207 820 239 ΗΕΒ.
849 207 963 240 vNG.
991 208 1101 242 Duo,
1128 210 1174 242 x,
1203 210 1245 242 L.
1274 211 1321 243 x.
1506 204 1515 207 “
1620 198 1721 248 257

206 339 298 374 nec
322 338 419 373 non
433 320 845 385 Strigoriiensium
871 312 1046 386 aequis
1075 323 1439 374 conditionibus
1480 326 1608 376 ultro
1636 329 1718 379 de-

206 407 353 458 ditm-i
378 406 677 455 viderentur.
709 405 935 455 Eundum
962 406 1114 469 igitur
1135 407 1246 455 Deo
1274 408 1401 456 bene
1427 408 1639 473 iuvante,
1667 418 1717 461 et

203 491 299 541 hoc
324 489 497 540 eodem
522 489 761 539 victoriae
786 489 970 553 impetu
986 490 1350 540 Tomosvarum
1378 492 1463 541 vel
1488 493 1721 544 ultronea

203 574 464 636 deditione,
503 589 650 639 quam
686 588 893 638 sperare
931 573 1117 632 liceret,
1156 575 1238 623 vel
1276 575 1326 623 vi
1365 578 1715 641 occupandum.

205 658 423 710 Mediam
445 658 575 708 inter
599 658 694 707 has
720 658 852 706 viam
879 658 1196 708 consiliorum
1224 664 1422 709 secutus
1458 665 1536 710 est
1563 660 1721 712 Geor-

206 743 333 809 gius,
359 743 444 810 qui
469 759 562 793 nec
586 743 981 806 regrediendum,
1007 759 1100 792 nec
1126 743 1294 793 statim
1321 744 1386 793 ad
1412 745 1723 797 obsidionem

208 828 680 879 Tomosvariensem
706 828 1124 892 progrediendum
1148 827 1416 890 iudicabat,
1444 830 1538 879 sed
1554 830 1723 881 hostes

204 914 414 980 primum
445 913 835 979 persequendos,
863 928 923 962 ac
950 912 1196 962 Tartaros
1223 913 1604 978 propulsandos,
1644 931 1722 965 eo-

209 998 417 1063 demque
444 1012 591 1048 cursu
631 995 949 1059 Osanadium,
988 996 1385 1060 Bechkerekum‚
1425 1003 1474 1048 et
1499 1000 1600 1049 alia
1626 1001 1715 1050 cir-

207 1083 532 1134 cumiacentia
569 1082 773 1131 minoris
811 1082 1044 1131 momenti
1081 1081 1292 1132 castella
1329 1085 1568 1134 tentanda
1607 1101 1721 1135 esse

208 1168 460 1219 censebat.
499 1167 596 1216 His
623 1167 751 1217 enim
776 1167 915 1232 prius
944 1183 1005 1215 ex
1033 1166 1182 1216 animi
1196 1168 1441 1217 sententia
1466 1171 1718 1233 perfectis,

207 1270 314 1305 cum
339 1269 437 1304 non
461 1252 670 1302 haberet
695 1252 869 1302 hostes
895 1252 1024 1302 unde
1064 1252 1114 1300 in
1138 1257 1338 1301 nostros
1378 1253 1613 1318 impetum
1648 1257 1722 1305 fa-

205 1343 388 1402 cerent,
428 1353 488 1388 ac
526 1342 847 1388 commeatum
891 1337 1261 1401 interciperent,
1311 1337 1586 1389 faciliorem
1611 1340 1719 1391 fore

203 1423 334 1473 arcis
361 1422 799 1473 Tomosvariensis
826 1423 1254 1487 expugnationem.
1283 1421 1384 1472 Sed
1420 1423 1719 1475 iuvenilibus

205 1497 426 1558 consiliis
452 1508 586 1573 apud
611 1507 891 1572 Principes,
917 1507 989 1556 uti
1014 1507 1065 1555 in
1091 1507 1219 1556 aulis
1246 1522 1352 1556 mos
1379 1513 1469 1570 est,
1508 1526 1717 1574 praeva-

201 1593 521 1654 lescentibus,
548 1592 668 1642 vicit
681 1591 896 1641 ferocior
922 1591 1184 1652 sententia,
1210 1596 1264 1640 ut
1290 1592 1522 1642 continuo
1548 1593 1715 1656 iretur,

204 1693 265 1730 ac
278 1679 642 1728 Tomosvarum
670 1678 997 1739 obsideretur,
1025 1692 1122 1741 quo
1152 1680 1297 1740 capto
1322 1678 1452 1726 ultro
1474 1682 1524 1726 et
1547 1677 1717 1728 hostes

201 1764 323 1828 fuga
349 1763 447 1814 sibi
472 1764 800 1827 consulerent,
829 1767 878 1812 et
903 1760 1303 1811 circumiacentia
1317 1763 1527 1811 castella
1542 1769 1718 1828 sponte

201 1848 498 1899 deditionem
521 1849 757 1898 facerent.
786 1849 963 1911 Itaque
990 1847 1204 1896 lustrato
1233 1846 1467 1909 exercitu,
1497 1862 1557 1897 ac
1583 1863 1715 1897 com-

182 1938 367 1999 ‚meatu
403 1933 582 1997 raptim
622 1937 672 1982 et
710 1932 1046 1996 perfunctorie
1073 1935 1259 1992 curato,
1287 1930 1483 1994 signum
1521 1925 1715 1982 itineris

206 2017 318 2067 dari
353 2017 504 2079 iubet,
544 2022 787 2081 captoque
814 2015 959 2065 XIV.
987 2015 1117 2064 Iunii
1153 2030 1244 2079 per
1282 2014 1579 2064 deditionem
1606 2017 1717 2066 Fel-

200 2100 322 2152 lako
348 2102 570 2164 caste110,
614 2101 833 2164 eleganti
859 2100 1021 2163 magis
1061 2114 1207 2163 quam
1233 2098 1387 2156 firm0‚
1428 2099 1576 2150 biduo
1603 2107 1719 2166 post

203 2202 311 2238 cum
358 2187 479 2237 totis
530 2186 687 2252 copiis
727 2187 1089 2234 Tomosvarum
1126 2184 1365 2249 pervenit.
1405 2183 1503 2233 Hic
1537 2186 1714 2250 pileus,

202 2271 402 2336 gladius
441 2261 778 2333 consecratus,
807 2275 856 2319 et
893 2270 1145 2335 promissa
1170 2268 1380 2333 pecunia
1419 2286 1449 2318 a
1476 2268 1716 2320 Pontifice

201 2355 424 2423 Principi
450 2362 564 2408 sunt
590 2357 760 2407 missa.

631 2655 865 2710 OAPVT
905 2653 1268 2707 OCTAVVM.

203 2772 280 2821 De
335 2769 624 2817 To'mb'svaro
664 2765 870 2830 frustra
928 2784 979 2826 a·
1016 2763 1369 2828 Transylvanis
1420 2768 1712 2826 oppuynato,

408 2851 756 2914 eorundemque
780 2853 834 2900 in
866 2849 1279 2914 Transylvavniam
1305 2846 1482 2894 reditu.

344 2960 682 3011 Praemiserat
708 2959 950 3026 Princeps
990 2976 1051 3010 ex
1090 2957 1312 3007 instituto
1339 2954 1556 3016 militari,
1596 2970 1705 3004 cum

204 3048 331 3099 alios
347 3061 541 3111 quoque
557 3050 878 3111 spontaneos,
894 3050 993 3094 tum
1009 3042 1249 3107 imprimis
1265 3040 1486 3089 Marcum
1503 3039 1711 3099 Horvat,

265 3153 418 3181 MONVM.
433 3151 554 3180 HVNG.
570 3152 671 3179 ffls'r.
687 3165 721 3170 —
734 3150 984 3178 sempronius.
998 3150 1091 3177 xvn.
1516 3136 1569 3180 17
