2112 3288
424 153 526 203 184
952 170 1016 204 1o.
1045 171 1178 204 maon
1204 170 1401 205 BARovn

425 303 562 352 spem
601 284 817 351 praedae
856 286 1021 346 erecti,
1061 301 1154 349 quo
1195 286 1272 334 die
1312 285 1507 350 Sponsa
1544 283 1724 335 Albam
1762 287 1910 337 intro-

424 371 569 420 ducta
593 370 695 431 fuit,
730 369 959 433 oppidum
986 369 1136 418 Jofeo
1178 365 1347 431 (latine
1372 369 1549 416 bonam
1586 369 1790 417 herbam
1828 383 1911 418 no-

424 454 612 503 minare
636 449 924 518 poterimus>
953 467 1058 500 cum
1084 452 1535 501 circumiacentibus
1562 457 1750 515 septem
1768 452 1912 516 pagis

425 534 707 601 depopulati
757 535 915 593 fuere,
944 538 992 581 et
1029 535 1200 598 paucis
1241 534 1426 583 ablatis
1463 533 1708 583 vindictae
1750 533 1912 584 studio

428 632 593 667 omnes
619 615 967 681 propemodum
993 615 1102 678 pari
1130 615 1415 664 crudelitate
1443 617 1777 680 absumpsere.
1815 616 1913 666 Ea-

428 702 537 750 dem
560 700 758 749 fortuna
783 699 915 747 circa
934 698 1237 747 Varadinum
1265 699 1412 747 etiam
1438 700 1669 761 grassati,
1695 698 1914 763 aliquan-

429 782 584 832 tulam
610 783 700 831 sub
729 787 920 845 tempus
946 782 1221 844 nuptiarum
1245 783 1481 845 praedam
1507 783 1737 845 abegere.
1776 781 1916 842 Quae

430 882 536 915 cum
549 866 769 929 Principi
794 865 1133 926 innotuissent,
1162 880 1312 929 supra
1327 880 1472 929 quam
1486 865 1660 928 cuique
1680 864 1917 914 credibile

429 950 508 1009 sit,
535 949 761 998 indolens
788 952 837 996 et
870 948 1247 1007 excandescens,
1273 952 1460 997 tantam
1498 962 1696 996 suorum
1733 947 1918 1009 cladem

431 1031 586 1096 primo
614 1046 805 1094 quoque
830 1034 1051 1093 tempore
1076 1029 1248 1078 ulcisci
1274 1030 1457 1078 statuit.
1490 1029 1702 1079 Proinde
1729 1029 1919 1079 delectu

431 1113 687 1163 confestim
724 1112 892 1160 habito
931 1118 1114 1161 certam
1142 1128 1249 1161 cum
1273 1113 1335 1160 iis
1375 1113 1623 1174 militibus,
1663 1113 1744 1175 qui
1769 1113 1918 1163 ‚Jofeo

433 1196 625 1245 avocati
649 1195 856 1257 fuerant,
884 1195 1117 1243 nobilium
1142 1186 1335 1244 manum
1363 1196 1580 1258 ablegat,
1606 1195 1764 1258 iisque
1790 1194 1922 1244 serio

435 1277 646 1337 mandat,
675 1281 729 1327 ut
752 1283 938 1327 tantam
965 1278 1176 1325 miserae
1190 1276 1353 1341 plebis
1366 1276 1611 1326 lanienam
1624 1277 1786 1340 ulturi,
1804 1278 1921 1327 Tot-

433 1360 724 1423 varadgiam
752 1361 982 1424 oppidum
1009 1360 1250 1408 Turcicae
1278 1360 1474 1408 ditionis
1502 1360 1746 1424 diripiant,
1771 1363 1821 1408 et
1845 1374 1922 1408 su-

432 1444 677 1507 periorem
702 1444 737 1493 J
741 1444 849 1492 ofeii
877 1444 1067 1492 cladem
1094 1444 1242 1491 simili
1279 1443 1583 1493 incommodo
1620 1442 1759 1493 illato
1799 1458 1923 1491 com-

433 1531 658 1589 pensent.
688 1526 863 1588 Itaque
891 1530 1094 1589 accepto
1121 1526 1214 1574 hoc
1237 1526 1479 1589 Principis
1506 1525 1751 1586 mandato,
1777 1539 1923 1588 quam

433 1613 640 1672 possunt
666 1609 927 1656 celerrime
954 1608 1002 1655 in
1040 1609 1281 1657 hosticum
1307 1608 1497 1667 ducunt,
1533 1612 1582 1656 et
1620 1607 1825 1656 simulac
1862 1607 1926 1656 ad

436 1689 665 1752 oppidum
690 1692 836 1737 noctu
863 1695 1207 1752 pervenerunt,
1224 1690 1521 1753 comparatis
1543 1689 1780 1750 omnibus,
1798 1704 1934 1753 quae-

436 1771 500 1819 ad
514 1772 928 1835 oppugnationem
943 1769 1284 1835 (necessaria),
1308 1771 1927 1836 aggrediuntur.Oppidum

435 1868 553 1902 vero
568 1869 656 1917 per
671 1854 767 1902 vim
793 1855 934 1903 nullo
949 1855 1054 1903 fere
1070 1870 1174 1903 cum
1190 1855 1406 1916 periculo
1424 1864 1619 1903 suorum
1633 1855 1841 1919 capiunt,
1857 1854 1928 1902 in-

439 1936 662 1995 cendunt,
679 1936 933 1998 diripiunt;
961 1938 1153 1985 Turcas
1171 1952 1352 1996 omnes,
1369 1937 1451 1999 qui
1466 1937 1658 1986 ducenti
1672 1936 1866 1985 circiter
1878 1936 1929 1984 in

440 2033 497 2067 eo
523 2019 731 2078 fuerant,
757 2019 1016 2079 trucidant,
1044 2020 1176 2067 senis
1218 2020 1455 2068 duntaxat
1492 2033 1658 2068 eorum
1696 2018 1755 2067 de
1793 2033 1929 2067 muro

440 2100 792 2160 desilientibus,
833 2102 962 2164 quod
999 2108 1257 2165 sperarent
1293 2106 1544 2150 transacto
1584 2100 1803 2150 Marusio
1841 2099 1931 2149 flu-

438 2182 566 2230 mine
592 2184 798 2231 salutem
826 2197 881 2231 se
896 2189 1259 2232 consecuturos.
1287 2184 1468 2233 Verum
1494 2184 1530 2231 ii
1544 2183 1690 2231 etiam
1705 2182 1932 2233 anostris

442 2264 700 2327 intercepti
725 2265 879 2325 fuere,
907 2270 1052 2328 atque
1078 2265 1128 2313 in
1156 2266 1491 2328 captivitatem
1517 2265 1727 2314 abducti.

814 2557 818 2560 -
874 2520 1104 2571 OAPVT
1160 2521 1513 2572 OCTAVVM.

502 2641 579 2687 De
603 2639 802 2688 dimissa
827 2657 858 2687 a
885 2639 1121 2702 Principe
1146 2639 1318 2698 Socra,
1345 2648 1574 2703 captoque
1600 2641 1855 2689 Facziado.

530 2826 532 2829 Ι
586 2737 760 2805 Multis
786 2771 882 2805 uno
908 2755 1172 2819 eodemque
1197 2760 1416 2819 tempore
1443 2756 1587 2817 curis,
1616 2772 1722 2806 cum
1746 2756 1934 2818 geniali

444 2836 625 2899 gaudio
651 2853 828 2901 vacare
855 2837 1070 2898 deberet,
1096 2837 1334 2902 Princeps
1362 2839 1674 2887 obruebatur.
1713 2839 1842 2887 Nam
1884 2843 1934 2886 et

443 2918 692 2981 ingentem
719 2921 1044 2970 Tartarorum
1069 2920 1421 2969 multitudinem
1449 2936 1510 2968 ex
1538 2918 1742 2985 Scythia
1766 2919 1929 2983 prodi-
