2112 3288
634 201 700 232 m:
725 200 834 234 ΗΕΒ.
864 201 977 234 vno.
1006 201 1118 235 Duo,
1147 201 1194 234 x.
1223 202 1268 235 L.
1295 202 1326 233 1.
1508 200 1517 203 ‘
1672 189 1736 240 11

606 615 924 680 LIBER
973 615 1382 681 PRIMVS.

711 785 945 838 OAPVT
983 786 1275 837 PRIMVM.

447 897 526 945 De
563 897 796 945 Instituto
833 897 976 945 huius
1015 895 1234 945 Decadis
1272 895 1518 945 Decimae.

380 1003 530 1056 1566.
571 1003 733 1071 Capto
761 1004 995 1070 Sigetho,
1035 1022 1095 1055 ac
1128 1003 1298 1071 Gryula
1335 1005 1534 1056 arcibus
1575 1007 1743 1072 Vnga-

229 1089 361 1151 riae,
387 1089 538 1154 longe
564 1090 930 1152 munitissime,
971 1096 1234 1156 postquam
1260 1090 1632 1145 Maximilianus
1673 1097 1747 1141 tot

230 1173 604 1225 difficultatibus
631 1175 682 1224 in
709 1175 816 1224 dies
842 1175 1025 1240 ubique
1053 1174 1450 1239 emergentibus,
1477 1175 1637 1240 videt,
1665 1193 1748 1227 ne-

232 1273 479 1324 quaquam
517 1274 572 1309 se
610 1259 852 1309 Barbaris
890 1259 998 1310 fore
1037 1275 1243 1325 parem,
1284 1258 1451 1308 missis
1494 1275 1554 1309 ea
1593 1261 1654 1311 de
1692 1277 1747 1311 re

227 1342 441 1404 nuntiis,
474 1358 651 1408 pacem
678 1358 785 1392 cum
813 1341 997 1393 Selimo
1026 1344 1306 1393 Turcarum
1332 1343 1641 1408 Imperatore
1669 1344 1744 1394 fa-

232 1427 310 1477 cit.
336 1429 475 1478 Inter
502 1427 810 1478 conditiones
835 1429 1079 1490 foederis,
1109 1434 1159 1479 et
1182 1428 1309 1477 haee
1333 1427 1452 1490 fuit,
1489 1445 1550 1478 ne
1576 1429 1750 1479 liceret

226 1511 484 1562 tormentis
524 1512 718 1561 bellicis
760 1528 928 1574 arces,
967 1514 1218 1578 urbesque
1258 1528 1577 1578 oppugnare,
1620 1514 1742 1563 inte-

229 1595 325 1646 rim
348 1601 514 1645 tamen
539 1595 662 1645 nihil
688 1597 882 1658 obesse,
906 1597 1167 1661 quominus
1194 1597 1551 1656 vellicationes,
1592 1603 1641 1648 et
1668 1597 1748 1647 de-

226 1678 577 1746 populationes
603 1680 799 1742 flerent,
840 1681 1095 1730 territoria
1121 1681 1497 1744 subigerentur,
1542 1682 1638 1732 imo
1666 1697 1743 1731 ar-

230 1778 315 1814 ces
342 1763 516 1825 ctiam,
556 1779 616 1813 ac
642 1763 825 1829 oppida
844 1764 896 1813 vi
923 1770 972 1814 et
998 1765 1152 1826 dolis,
1193 1765 1336 1815 modo
1363 1770 1610 1817 tormenta
1646 1767 1748 1818 bel-

227 1848 328 1899 lica
353 1848 613 1911 abessent,
641 1854 950 1914 caperentur.
989 1850 1178 1900 Multae
1204 1850 1382 1914 igitur,
1425 1867 1484 1901 ac
1509 1868 1749 1903 memora-

228 1933 357 1984 biles
382 1933 623 1984 victoriae
648 1934 812 1996 iuxta,
840 1950 900 1984 ac
926 1934 1116 1997 clades,
1143 1935 1373 2000 utrinque
1399 1935 1493 1985 hoc
1518 1936 1746 1987 interiec-

228 2023 280 2069 to
320 2018 539 2069 foederis
579 2023 802 2084 tempore
842 2019 891 2068 in
938 2019 1165 2083 Vngaria
1208 2019 1454 2069 martialis
1491 2021 1594 2070 ludi
1634 2021 1747 2072 alca

208 2101 566 2167 contigerunt:
605 2107 659 2152 ut
686 2101 1028 2153 Celeberrima
1065 2103 1154 2152 illa
1179 2103 1438 2153 Francisci
1478 2102 1645 2172 Gezty
1685 2104 1750 2154 ad

229 2185 588 2252 Natludvarum
616 2186 826 2236 victoria
852 2206 863 2235 ε
903 2192 957 2237 ut
982 2188 1086 2237 bini
1110 2187 1186 2237 illi
1212 2193 1493 2237 nostrorum
1515 2190 1648 2255 apud
1675 2191 1750 2242 Si·
1784 2179 1788 2182 ³

230 2271 428 2322 xoviam
454 2261 716 2335 triumphi:
742 2275 796 2321 ut
822 2269 1049 2322 Sasvarii
1076 2271 1207 2337 apud
1232 2270 1433 2321 fluvium
1458 2272 1631 2324 Bozod
1652 2276 1750 2325 cla-

229 2355 319 2406 des
346 2373 357 2404 :
396 2358 450 2405 ut
475 2354 721 2404 Nadasdii
748 2370 846 2405 non
872 2357 1045 2421 procul
1071 2373 1102 2405 a
1126 2356 1269 2406 Buda
1301 2356 1620 2407 infortunium
1647 2378 1658 2408 z
1696 2365 1750 2409 ut

228 2439 449 2490 eiusdem
470 2439 847 2504 Koppanicnsis
863 2441 994 2490 arcis
1022 2441 1339 2506 expugnatio,
1355 2445 1621 2507 ceteraque
1649 2444 1747 2493 cla·

228 2523 428 2577 tissima
451 2523 688 2585 facinora,
714 2530 768 2574 ut
794 2525 1119 2575 nundinarum
1154 2525 1509 2576 Thuriensium
1535 2527 1747 2593 direptio

230 2609 371 2660 Duce
398 2605 652 2672 Stephano
678 2609 929 2659 Bathoreo
955 2610 1114 2660 facta:
1152 2614 1207 2660 ut
1233 2609 1333 2661 alia
1360 2610 1571 2675 denique
1598 2627 1744 2675 quam

227 2692 442 2759 plurima
466 2692 676 2742 bellicae
702 2693 776 2743 rei
802 2694 1115 2744 monimenta.
1144 2687 1246 2744 Sed
1270 2695 1349 2744 his
1376 2695 1428 2744 in
1453 2694 1742 2759 praesentia

230 2776 455 2837 omissis,
495 2791 556 2825 ea
579 2792 672 2826 nos
696 2782 887 2828 tantum
921 2778 1158 2843 prosequi
1181 2779 1233 2829 in
1258 2779 1338 2828 his
1366 2777 1746 2827 Commentariis

230 2861 506 2922 statuimus,
536 2877 662 2925 quae
686 2867 832 2929 rupto
859 2864 1075 2926 foedere,
1102 2865 1154 2914 in
1180 2865 1418 2928 Vngaria,
1445 2863 1744 2928 praesertim

229 2962 290 2999 ac
315 2946 478 2996 Dacia
506 2952 679 2997 contra
703 2947 958 2998 Barbaros
986 2949 1094 3014 geri
1121 2954 1299 3014 coepta
1325 2954 1452 2998 sunt.
