2112 3288
559 215 624 247 DE
651 214 759 249 REB.
786 214 899 249 vNG.
928 215 1039 247 nnc,
1080 216 1125 249 x.
1152 216 1196 249 L.
1225 216 1291 248 1x.
1500 200 1509 203 ’
1596 204 1699 253 233

197 331 421 382 homines
448 330 625 380 armati
651 330 714 379 ad
739 329 1119 394 oppugnandam
1154 346 1316 380 arcem
1344 333 1700 395 progrederen—

197 422 291 466 tur.
318 415 396 464 Εο
423 415 668 480 expedito,
696 430 804 463 cum
816 415 989 463 hostes
1014 415 1364 464 bombardario
1391 417 1595 480 pulvere
1621 416 1701 464 de-

199 498 358 548 stituti
384 499 624 548 duntaxat
649 505 849 548 nostros
874 498 1230 565 inspectarent‚
1258 514 1349 547 nec
1374 498 1698 563 oppugnatio-

196 597 308 632 nem
359 583 441 632 diu
493 584 626 633 ferre
663 587 884 648 possent,
937 584 1275 648 cataphractis
1309 583 1455 632 Italis
1493 584 1700 647 primum

197 666 536 729 subeuntibus,
563 665 841 732 Siculisque
869 683 929 716 ac
943 668 1125 718 ceteris
1142 667 1378 731 Vngaris‚
1408 667 1584 716 deinde
1612 681 1699 715 eos

196 751 626 815 subsequentibus,
666 750 775 801 Arx
803 750 1097 817 Gyrgiovia,
1125 767 1252 816 quae
1279 757 1470 801 centum
1510 751 1705 799 circiter

197 834 380 885 abhinc
419 836 562 886 annis
612 837 828 892 Turcico
878 837 1045 902 paruit
1082 836 1316 900 imperi0‚
1359 835 1704 885 defensoribus

151 934 154 936 ·
196 919 450 985 destituta·
475 921 724 971 universis
751 923 1027 971 Turcarum
1053 921 1208 985 copiis
1234 920 1627 985 inspectantibus
1655 918 1704 966 in

194 1009 493 1070 potestatem
532 1005 994 1071 'I'ransylvanorum
1033 1005 1237 1055 redacta
1278 1010 1367 1054 est.
1423 1003 1523 1054 Sed
1561 1019 1705 1067 quum

194 1088 247 1139 in
261 1090 371 1138 'tam
397 1094 587 1139 remoto
614 1106 645 1138 a
670 1090 1040 1155 Transylvania
1065 1081 1188 1148 loc0‚
1226 1105 1322 1139 non
1349 1090 1457 1138 sine
1483 1087 1706 1154 periculo

198 1173 397 1222 defendi
423 1189 529 1223 eam
556 1189 708 1238 posse
735 1173 976 1240 Princeps
991 1175 1196 1235 videret,
1224 1175 1340 1238 igne
1354 1174 1498 1224 tectis
1524 1173 1705 1222 iniecto

196 1273 362 1307 arcem
386 1257 693 1319 inflammari,
731 1263 931 1323 pontem
970 1260 1116 1308 etiam
1154 1258 1381 1318 rescindi,
1421 1264 1469 1307 et
1494 1257 1706 1315 navium⁷

198 1357 262 1391 ex
288 1341 468 1406 quibus
493 1358 619 1407 pons
648 1344 923 1405 constabat,
949 1344 1175 1393 tabulata
1202 1343 1341 1392 exuri
1375 1341 1534 1391 iussit.
1588 1339 1704 1400 Qui-

195 1427 290 1476 bus
315 1427 465 1476 rebus
493 1428 747 1489 confectis,
774 1427 945 1492 copias
972 1427 1213 1492 Princeps
1253 1432 1467 1476 actutum
1494 1416 1705 1483 reduxit,

200 1515 250 1560 et
287 1510 352 1560 ad
392 1508 682 1575 Gergiciam
719 1527 877 1576 usque
915 1511 1144 1576 oppidum
1184 1511 1459 1561 Valachiae
1486 1508 1701 1573 Alpibus

196 1595 408 1645 vicinum
435 1595 694 1646 comitatus
723 1601 814 1646 est.
854 1596 932 1645 Ibi
970 1597 1120 1645 rebus
1159 1595 1447 1660 provinciae
1474 1609 1582 1643 cum
1609 1591 1703 1640 Pa-

195 1677 350 1730 latino
377 1680 679 1745 compositis,
708 1679 1012 1746 Stephanum
1032 1679 1337 1729 Boczkaium
1363 1695 1470 1729 cum
1485 1677 1705 1727 exercitu

195 1763 410 1829 reliquit.
463 1766 582 1830 Ipse
619 1765 792 1830 paucis
833 1764 1178 1814 comitantibus
1218 1763 1389 1828 copias
1415 1761 1706 1828 praecessit,

197 1864 256 1898 ac
292 1844 493 1898 tandem
532 1849 782 1914 superatis
825 1849 1040 1914 Alpibus
1080 1863 1250 1898 mense
1287 1847 1559 1904 novembri,
1601 1861 1705 1894 cum

197 1932 390 1983 solenni
427 1932 673 1998 triumpho
719 1949 876 2003 oyans
903 1932 1151 1984 Coronam
1190 1932 1350 1992 venit,
1402 1930 1705 1981 Boczkaium

155 2021 165 2023 “
195 2016 267 2065 ibi
306 2033 413 2067 cum
440 2018 661 2066 exercitu
699 2018 1045 2067 adventantem
1070 2017 1482 2081 praestolaturus,
1534 2012 1706 2062 Simul-

197 2116 256 2150 ac
281 2101 327 2150 is
353 2102 506 2162 affuit,
547 2101 765 2151 dimissis
803 2102 854 2150 in
880 2117 998 2151 suas
1025 2102 1258 2165 regiones
1287 2098 1602 2149 Germanicis
1630 2111 1707 2147 co-

201 2184 313 2250 piis,
342 2184 438 2234 duo
465 2185 663 2234 circiter
704 2201 812 2250 qua<
828 2186 1057 2250 equitum,
1085 2201 1182 2250 qua
1207 2185 1426 2250 peditum
1452 2183 1608 2231 millia
1633 2197 1704 2230 se«

197 2269 335 2333 legit,
375 2285 561 2334 eosque
602 2259 854 2335 Stephano
888 2270 1172 2319 Moldaviae
1197 2268 1428 2318 Palatino
1468 2266 1707 2330 adiungit,

197 2355 281 2420 qui
319 2363 426 2404 eum
459 2355 511 2403 in
535 2355 840 2420 provinciam
882 2355 1195 2404 deducerent.
1245 2355 1324 2403 Ita
1349 2353 1541 2417 reliquo
1569 2367 1705 2400 exer-

198 2440 298 2490 citu
334 2439 385 2488 in
422 2439 647 2505 hyberna
682 2439 907 2501 dimisso,
946 2443 1208 2505 postquam
1253 2453 1440 2503 paucos
1479 2436 1706 2487 Coronae

199 2524 306 2573 dies
333 2529 663 2573 commoratus
688 2524 881 2583 fuisset,
920 2523 1103 2573 Albam
1130 2523 1308 2572 Iuliam
1344 2536 1578 2571 reversus
1605 2525 1695 2574 est,

199 2613 249 2658 et
275 2612 538 2671 antequam
558 2607 777 2658 Penates
790 2608 1048 2669 reviseret,
1075 2609 1309 2672 templum
1336 2607 1596 2668 ingressus
1624 2620 1700 2653 ar-

197 2691 371 2741 dentes
398 2691 509 2740 Deo
535 2707 627 2756 pro
656 2708 897 2743 concessa
934 2692 1145 2742 victoria
1184 2691 1377 2755 gratias
1403 2690 1519 2752 egit.
1564 2687 1703 2737 Sina-

197 2790 290 2824 nus
328 2787 449 2825 vero
476 2773 956 2842 Constantinopolim
994 2777 1182 2840 ingenti
1222 2791 1328 2825 cum
1355 2772 1591 2822 Caesaris
1632 2771 1701 2821 of-

194 2859 419 2908 fensione
458 2874 720 2919 reversus,
772 2875 862 2910 seu
905 2876 1111 2919 revera,
1163 2874 1251 2908 seu
1303 2855 1615 2906 simulatione
1654 2854 1703 2902 in

195 2958 399 3006 gravem
425 2943 682 2992 confestim
698 2945 921 2994 morbum
942 2944 1127 2993 incidit.
1148 2942 1420 3004 Postquam
1436 2954 1494 2988 eo
1515 2938 1702 3001 aliquot

196 3026 302 3076 dies
328 3026 637 3077 conflictatus
664 3027 854 3090 fuisset,
892 3028 1160 3079 identidem
1200 3042 1230 3074 a
1256 3023 1608 3090 Transylvano
1635 3038 1690 3072 se
