2112 3288
330 157 433 208 316
869 180 935 216 10.
962 181 1095 215 DEcn
1118 182 1316 217 BARovn

336 288 395 337 de
409 293 794 354 propugnaculis
818 294 1097 345 deiecerint.
1114 296 1347 347 Similiter
1361 304 1409 347 et
1429 299 1479 348 in
1494 297 1686 366 Gallos,
1703 303 1821 352 Val-

334 373 486 434 loneS,
513 390 570 423 ac
598 373 886 440 Germanos,
927 380 1008 443 qui
1051 380 1148 429 iam
1186 382 1234 430 in
1260 383 1457 446 publico
1496 385 1604 434 foro
1640 386 1826 448 aliquot

333 456 720 520 praecipualoca
735 469 1110 525 occupaverant,
1138 479 1314 527 magno
1332 480 1438 513 cum
1465 467 1630 515 furore
1653 467 1824 516 desae-

337 539 484 600 viunt,
526 545 575 590 et
599 546 702 591 tres
729 543 922 593 circiter
955 545 1103 594 horas
1142 552 1340 596 strenue
1380 563 1486 596 cum
1524 548 1586 598 iis
1611 564 1828 614 pugnam

334 629 608 686 conserunt,
646 627 717 676 ita
753 632 806 676 ut
831 627 881 676 in
908 629 1115 692 quodam
1154 632 1261 680 loco
1300 632 1431 681 ultra
1457 630 1542 681 CO
1581 648 1608 681 e
1643 633 1828 683 nostris

334 707 467 755 caesi
492 708 554 756 ab
581 708 643 757 iis
669 710 860 760 fuerint.
915 711 1082 761 Tanta
1108 713 1234 763 enim
1259 714 1351 763 fuit
1377 730 1543 764 eorum
1568 715 1749 778 rabies,
1775 721 1829 766 ut

333 791 569 853 quaterni,
604 793 793 843 ternive
818 810 984 843 eorum
1008 797 1174 845 furore
1214 798 1423 860 quodam
1461 798 1558 847 acti
1586 799 1823 863 quingen-

331 877 408 921 tos
436 879 710 925 nostrorum
737 877 800 925 ad
826 882 1019 941 portam
1044 894 1199 942 usque
1225 880 1275 927 in
1301 881 1466 943 fugam
1483 883 1824 932 converterint.

276 993 278 995 ι
328 956 441 1005 Non
468 973 611 1008 secus
638 960 752 1009 aliis
779 961 928 1010 etiam
966 961 1016 1010 in
1041 963 1266 1026 partibus
1305 965 1441 1013 urbis
1482 965 1678 1028 quidam
1704 967 1824 1015 Bar-

329 1039 558 1089 barorum
585 1047 683 1091 tam
717 1042 912 1092 fortiter
949 1050 1305 1107 pugnaverunt,
1346 1050 1538 1107 utreos,
1577 1063 1666 1110 per
1705 1064 1828 1112 quos

328 1122 427 1186 ipsi
463 1126 726 1173 transfossi
751 1126 1110 1187 moriebantur,
1162 1127 1475 1178 nihilominus
1513 1129 1827 1181 trucidarent.

329 1210 407 1257 Ita
444 1209 657 1257 victores
697 1214 844 1272 atque
891 1210 1006 1258 victi
1044 1211 1232 1274 pariter
1269 1213 1631 1262 occumbebant.
1684 1213 1824 1274 Quae

331 1288 440 1339 dum
477 1292 704 1356 utrinque
746 1297 999 1354 geruntur,
1039 1294 1256 1343 nonnulli
1289 1295 1623 1344 Barbarorum
1649 1296 1701 1344 in
1726 1298 1827 1346 val·

329 1376 427 1424 lum
467 1390 578 1424 sese
620 1376 979 1442 proripuerunt,
1017 1379 1500 1442 propugnaculisque
1539 1380 1827 1440 munierunt,

329 1464 466 1507 tanta
492 1459 711 1521 audacia,
738 1465 790 1508 ut
815 1461 976 1510 tribus
1003 1461 1193 1510 vicibus
1220 1467 1416 1511 nostros
1444 1461 1508 1511 ad
1532 1467 1724 1526 portam
1751 1476 1829 1511 us-

329 1558 422 1605 que
460 1543 871 1607 propulsaverint,
910 1542 1080 1608 procul
1119 1544 1265 1593 dubio
1292 1549 1395 1593 tota
1432 1545 1553 1593 urbe
1593 1544 1827 1604 exacturi,

328 1626 425 1674 nisi
448 1626 689 1689 lancigeri
715 1642 879 1676 eorum
917 1627 1071 1676 furori
1097 1628 1410 1688 restitissent,
1449 1628 1828 1691 inclinatamque

327 1725 542 1774 pugnam
569 1710 921 1759 restituissent:
949 1710 1060 1759 ideo
1087 1726 1294 1760 necesse
1329 1710 1420 1759 fuit
1446 1716 1688 1760 tormenta
1707 1711 1829 1760 -illuc

326 1794 506 1841 bellica
533 1793 713 1853 afferri,
745 1793 904 1856 iisque
931 1794 1146 1841 rebelles
1175 1794 1429 1842 Barbaros
1455 1794 1504 1842 in
1530 1798 1825 1857 potestatem

327 1874 570 1936 redigere.
624 1873 723 1922 Sed
759 1879 1024 1938 postquam
1050 1874 1213 1923 Bassa
1238 1875 1462 1938 proxime
1489 1875 1552 1923 ad
1577 1875 1826 1924 sinistram

328 1962 501 2022 portae
527 1962 734 2021 partem,
774 1957 964 2006 duobus
990 1957 1324 2006 tormentariis
1364 1957 1529 2020 globis
1567 1958 1630 2006 ab
1656 1956 1826 2021 Vnga-

328 2042 430 2089 rico
455 2040 620 2104 pedite
645 2040 770 2088 ictus
796 2039 846 2087 in
873 2040 1006 2088 vallo
1035 2055 1141 2088 cum
1168 2041 1324 2089 XXX
1351 2039 1689 2089 selectissimis
1717 2055 1825 2091 suo-

328 2139 433 2173 rum
458 2122 767 2187 procidisset,
795 2122 954 2172 altera
968 2138 1114 2172 manu
1129 2123 1360 2185 gladium,
1389 2123 1621 2172 vexillum
1646 2138 1826 2185 gerens

328 2207 501 2266 altera,
529 2205 784 2254 confestim
799 2206 966 2267 ceteri,
985 2221 1080 2269 qua
1107 2206 1279 2270 cuique
1293 2206 1566 2270 proximum
1591 2206 1697 2266 fuit,
1726 2211 1824 2256 tre-

327 2290 429 2353 pidi
468 2290 724 2352 diffugere.
769 2288 868 2337 Sed
906 2289 1127 2339 nonnulli
1165 2290 1328 2339 vivum
1368 2305 1479 2339 esse
1518 2294 1714 2353 captum
1759 2291 1826 2340 di-

328 2381 454 2437 cunt,
482 2375 713 2437 caesique
751 2378 929 2438 postea
974 2379 1121 2438 caput
1159 2374 1409 2436 Vngarico
1448 2374 1819 2438 propugnaculo

330 2460 541 2509 affixum,
570 2457 820 2506 Primores
847 2457 1024 2520 quique
1049 2458 1382 2505 Barbarorum
1408 2473 1514 2527 cum
1544 2454 1826 2521 Gymlianis

330 2548 379 2593 et
404 2540 651 2591 Beslianis
681 2538 842 2602 Aglis‚
870 2538 1003 2603 Alay
1018 2539 1187 2601 Begis,
1215 2544 1263 2588 et
1276 2539 1310 2589 J
1314 2555 1464 2588 anzar
1491 2539 1638 2602 Aglis
1664 2540 1714 2587 in
1740 2555 1825 2602 ag-

330 2641 449 2686 gere
476 2632 582 2673 cum
609 2622 711 2672 suis
739 2621 1019 2671 cohortibus
1035 2622 1310 2671 obtruncati
1325 2623 1478 2671 fuere.
1506 2622 1632 2671 Pars
1646 2622 1696 2670 in
1722 2622 1824 2670 val-

331 2710 429 2758 lum
455 2724 509 2756 se
535 2711 836 2771 receperunt,
875 2710 924 2754 et
961 2721 1068 2754 cum
1106 2705 1169 2754 ad
1210 2710 1479 2754 extremum
1504 2721 1686 2768 magna
1712 2719 1766 2753 se
1794 2721 1824 2754 a

330 2791 513 2842 nostris
538 2790 864 2855 impressione
889 2788 990 2853 peti
1006 2788 1424 2852 conspicarentur,
1455 2788 1719 2852 desperata
1746 2801 1822 2835 sa-

331 2875 431 2924 lute
458 2874 703 2923 vindictae
731 2873 894 2922 studio
921 2871 1174 2938 pulverem
1200 2871 1572 2920 tormentarium
1607 2869 1653 2917 in
1689 2869 1822 2917 vallo

331 2957 705 3019 inflammarunt,
753 2972 811 3009 ao
846 2955 1039 3006 fortiter
1076 2955 1126 3002 vi
1164 2954 1267 3003 eius
1305 2954 1377 3003 ita
1416 2954 1730 3012 disiecerunt,
1770 2956 1822 3004 ut
