2112 3288
511 201 575 232 DE
602 200 708 232 ΒΕΒ.
737 199 846 232 Vno.
874 198 984 231 DEc.
1013 200 1058 231 x.
1085 199 1128 231 L.
1151 200 1214 232 ix.
1504 200 1511 203 ·
1540 184 1640 236 219
1696 212 1700 217 »

156 317 322 382 tuique
362 316 590 380 cognovit
641 314 973 364 consuluisse:
1024 315 1210 378 ingenti
1251 316 1416 365 statim
1460 317 1647 366 laetitia

154 403 396 468 perfusus,
421 400 596 464 gratiis
621 400 730 449 Deo
757 405 832 449 ter
859 398 1057 464 Optimo
1083 400 1299 449 Maximo
1327 416 1388 449 ex
1415 401 1510 450 imo
1536 416 1646 466 pec-

156 491 262 536 tore
287 485 411 536 actis
450 484 819 551 persequendos
859 484 1029 534 hostes
1064 486 1318 535 exclamat.
1346 485 1648 535 Dissuasere

155 584 262 618 eam
287 585 388 620 rem
414 569 631 634 Principi
658 567 938 634 Stephanus
964 569 1197 630 Boczkai,
1235 568 1479 633 Magister
1517 568 1647 633 equi-

153 657 254 703 tum
293 653 700 718 vigilantissimus
738 653 888 713 iuxta,
940 658 1086 718 atque
1136 653 1401 703 fidissimus
1439 653 1647 717 denique

153 736 400 803 Principis
450 742 703 801 cognatus,
755 753 862 786 cum
912 736 1061 787 Petro
1100 737 1325 799 Huszar‚
1375 738 1645 788 Francisco

158 822 324 888 Nagy,
365 827 414 872 et
437 822 549 872 aliis
578 822 840 871 veteranis
880 822 1168 886 quibusdam
1208 823 1457 888 copiarum
1485 823 1647 872 ducto—

158 906 308 968 ribus,
338 921 539 971 quorum
556 906 777 957 consiliis
802 907 1132 972 precibusque
1146 907 1343 957 tandem
1356 907 1516 957 victus
1531 908 1652 958 Ter·
1723 923 1726 925 ’

157 991 417 1056 govistum,
442 1007 504 1041 ne
529 991 699 1042 hostes
726 1009 756 1041 a
781 998 922 1056 tergo
954 993 1267 1057 relinqueret,
1295 998 1555 1057 antequam
1581 993 1650 1042 ul-

158 1076 311 1127 terius
336 1077 734 1142 progrederetur,
762 1093 1048 1143 expugnare
1076 1077 1260 1127 statuit.
1301 1077 1517 1127 Proinde
1545 1093 1650 1127 cum

158 1164 325 1210 castra
336 1160 684 1222 Barbarorum,
711 1167 913 1227 propter
928 1161 1101 1211 sordes
1118 1162 1541 1227 suspicionemque
1567 1177 1650 1211 ve-

155 1244 268 1294 neni
295 1245 506 1310 sapienti
533 1247 737 1296 consilio
764 1246 1001 1312 Episcopi
1034 1244 1320 1296 Cerviensis
1360 1251 1650 1296 ceterorum-

157 1345 252 1394 que
279 1330 580 1395 quorundam
621 1331 893 1380 deserenda
918 1331 1195 1391 iudicasset,
1240 1331 1489 1381 circumito
1527 1330 1649 1380 Ter-

158 1414 354 1479 govisto
393 1415 606 1465 tentoria
646 1430 673 1463 e
711 1416 914 1479 regione
954 1416 1122 1481 oppidi
1149 1416 1412 1481 conspicuo
1441 1415 1650 1465 salubri-

158 1514 253 1565 que
278 1498 387 1550 loco
415 1499 479 1549 ad
504 1499 701 1549 fluvium
727 1500 1140 1550 Dambroviczam
1180 1500 1314 1550 tendi
1350 1500 1507 1550 iussit.
1533 1500 1651 1550 Mox

158 1584 452 1634 demandata
468 1584 574 1634 eius
589 1585 662 1634 rei
677 1600 794 1634 eura
811 1586 918 1634 viro
934 1590 1133 1635 strenuo
1143 1585 1353 1636 Alberto
1367 1585 1548 1647 Kirali,
1564 1602 1649 1650 ag-

157 1685 318 1736 geres,
347 1669 614 1734 vineasque
632 1670 822 1719 exstrui
836 1671 983 1732 iubet,
1012 1675 1061 1720 et
1083 1670 1244 1720 omnia
1260 1686 1385 1736 quae
1412 1670 1475 1719 ad
1501 1685 1650 1735 oppu-

157 1755 437 1822 gnationem
455 1758 623 1804 tantae
638 1754 919 1804 munitionis
934 1755 1220 1805 necessaria
1233 1755 1538 1809 videbantur,
1565 1770 1650 1820 pa-

155 1840 258 1891 rari
272 1838 483 1889 mandat.
505 1838 695 1899 Quibus
710 1840 859 1891 rebus
872 1840 1110 1905 perfectis
1137 1839 1305 1890 XVII.
1322 1840 1401 1890 die
1417 1839 1651 1891 Octobris

155 1931 273 1989 tot0,
320 1924 574 1974 tormentis
611 1925 662 1973 in
698 1925 989 1974 munitiones
1016 1925 1304 1989 Tergovisti
1329 1925 1467 1975 irrito
1494 1925 1651 1975 nostri

159 2014 334 2059 conatu
356 2009 629 2058 fulminare.
659 2009 825 2059 Tanta
851 2010 974 2059 enim
1005 2015 1112 2059 erat
1128 2026 1367 2074 aggerum
1381 2010 1650 2070 crassitieS,

158 2098 212 2144 ut
236 2093 387 2143 nullis
413 2109 626 2158 unquam
653 2094 892 2143 machinis
919 2095 1086 2144 aeneis
1111 2095 1385 2159 expugnari
1409 2110 1559 2159 posse
1584 2094 1654 2143 vi-

159 2178 406 2229 derentur.
457 2178 778 2229 Praefecerat
803 2180 847 2229 ei
863 2178 1076 2229 Sinanus
1103 2179 1186 2228 Ali
1203 2180 1415 2229 Bassam
1441 2185 1490 2229 et
1502 2181 1652 2229 Mem-

156 2265 319 2314 hetem
359 2264 566 2328 Begum,
606 2257 789 2328 eosque
826 2270 1091 2330 propterea
1129 2265 1198 2314 ibi
1236 2265 1519 2330 reliquerat,
1559 2280 1652 2329 quo

72 2389 77 2394 .
156 2349 317 2414 magis
347 2348 544 2398 Turcas
572 2349 869 2398 authoritate
895 2350 1088 2400 illorum
1115 2350 1163 2399 in
1179 2350 1340 2399 officio
1367 2349 1649 2400 contineret.

159 2433 371 2483 Barbari
421 2432 660 2497 siquidem
718 2434 1029 2484 adventantis
1090 2435 1347 2486 formidine
1408 2434 1652 2500 Principis

159 2517 448 2582 Tergovisti
464 2533 663 2567 manere
677 2525 1041 2582 recusaverant,
1068 2520 1262 2586 penitus
1288 2519 1575 2575 recusaturi,
1602 2519 1650 2568 ni

156 2607 325 2654 tantae
351 2602 662 2653 authoritatis
689 2603 965 2654 Praefectis
992 2605 1238 2655 commissi
1263 2605 1486 2665 fuissent,
1527 2618 1648 2668 quos

158 2702 466 2752 nequaquam
504 2687 553 2735 in
591 2692 727 2738 tanto
764 2691 983 2754 periculo
1024 2708 1053 2741 a
1084 2689 1266 2740 Sinano
1307 2690 1554 2739 desertum
1591 2687 1652 2736 iri

158 2771 486 2839 postulabant.
538 2772 796 2824 Iuraverat
857 2777 983 2825 enim
1047 2775 1260 2825 Sinanus
1309 2773 1554 2823 Memheto
1605 2777 1653 2822 et

162 2858 275 2908 Alio
315 2873 370 2907 se
408 2857 537 2906 bona
575 2858 669 2907 fide
706 2867 943 2910 maturam
970 2860 1270 2911 laboraturis
1308 2874 1449 2923 opem
1476 2858 1649 2907 allatu-

163 2959 282 3004 rum,
308 2942 455 3008 idque
482 2957 571 2991 sua
595 2943 949 2996 intercessione
976 2946 1107 3011 apud
1130 2943 1396 2994 Gaesarem
1423 2940 1536 2993 Alio
1563 2942 1647 2990 im-

162 3032 477 3093 petraturum,
508 3032 560 3078 ut
584 3027 631 3076 in
659 3028 897 3096 pristinae
923 3030 1190 3095 dignitatis,
1230 3044 1326 3094 qua
1362 3027 1510 3093 paulo
1537 3030 1651 3078 ante
