2112 3288
456 138 524 189 64
972 155 1035 189 10.
1063 155 1196 189 Dncn
1220 155 1416 190 BARovn

456 271 719 333 servantia,
745 271 991 334 iudicavit,
1018 272 1132 336 quin
1157 271 1442 323 Pontificem
1481 272 1743 322 Maximum
1776 287 1938 322 rerum

455 355 664 413 omnium
709 371 905 405 suarum
943 356 1186 405 conscium
1230 356 1481 417 redderet,
1532 357 1677 420 idque
1722 355 1936 405 muneris

452 438 708 503 Alphonso
736 438 920 488 Carilio
958 440 1154 489 natione
1194 440 1419 504 Hispano
1461 439 1705 488 sacerdoti
1738 454 1828 488 suo
1853 439 1938 488 im-

457 538 660 587 ponens,
687 528 751 585 ut,
779 528 828 572 et
855 539 949 587 quo
974 524 1084 588 ipse
1109 525 1160 573 in
1187 529 1317 574 statu
1343 529 1489 587 esset,
1526 523 1750 572 Pontifici
1787 523 1939 573 refer-

457 612 546 668 ret,
574 612 623 656 et
651 607 808 668 simul,
834 623 895 656 ne
916 608 1010 656 sibi
1034 608 1085 656 in
1110 613 1209 657 tam
1234 608 1543 672 gravissimis
1559 608 1677 658 belli
1705 606 1940 676 periculis

455 690 735 752 constitum,
765 690 967 740 consilio
994 691 1404 756 suorauxilioque
1418 691 1629 753 deesset,
1645 691 1706 740 ab
1722 706 1781 740 eo
1799 683 1941 740 enixe

455 779 660 838 peteret,
687 789 899 838 propere
926 789 1033 823 eum
1072 774 1137 822 ad
1173 774 1343 824 urbem
1366 775 1609 839 proficisci
1634 774 1800 823 voluit.
1842 773 1937 822 His

460 857 702 922 expeditis
728 873 833 907 cum
858 858 956 906 iam
994 863 1042 907 et
1067 858 1131 907 ad
1156 858 1459 922 colligendas
1484 858 1632 920 vires,
1659 863 1707 907 et
1733 858 1796 906 ad
1820 862 1938 906 tem·

457 957 548 1007 pus
576 942 940 1004 extrahendum,
968 943 1271 993 cunctatione
1296 943 1531 1008 imprimis
1556 943 1783 992 utendum
1810 941 1941 991 vide-

453 1032 601 1088 retur,
660 1043 719 1076 ea
769 1027 1104 1091 frequentibus
1145 1026 1326 1089 Sinani,
1374 1044 1431 1076 ac
1455 1028 1647 1077 Bassae
1675 1029 1941 1077 Temesva-
2005 1035 2011 1040 “

457 1110 637 1159 riensis
663 1104 852 1159 nunciis
880 1111 1174 1160 sollicitatus
1199 1110 1450 1175 Princeps,
1501 1127 1598 1160 non
1634 1111 1756 1160 nihil
1791 1111 1936 1160 inter-

466 1179 583 1255 cisa,
609 1192 890 1243 Alba-Iulia
924 1209 1029 1243 cum
1056 1194 1228 1243 aulicis
1254 1195 1356 1243 suis
1397 1194 1579 1258 copiis,
1630 1194 1940 1259 impedimen-

457 1278 618 1341 tisque
657 1277 877 1327 omnibus
917 1277 1181 1339 excedens,
1232 1276 1702 1341 Oolosvarinumque
1738 1276 1941 1327 modicis

454 1361 714 1410 itineribus
740 1361 1046 1425 perveniens⁷
1073 1365 1333 1425 postquam
1360 1360 1430 1409 ibi
1455 1360 1615 1422 etiam,
1657 1376 1781 1425 quae
1805 1359 1942 1410 undi-

457 1460 581 1508 quae
608 1445 1008 1509 expectabantur,
1048 1445 1332 1510 provinciae
1359 1444 1582 1494 subsidia
1596 1444 1938 1503 contraxisset,

458 1545 565 1578 eam
591 1529 687 1578 sibi
714 1529 1089 1578 administrandi
1113 1529 1255 1578 huius
1281 1528 1399 1578 belli
1423 1528 1663 1578 rationem
1683 1528 1942 1580 ineundam

460 1612 609 1674 duxit,
639 1628 782 1677 quam
807 1613 856 1662 in
883 1613 1199 1677 sequentibus
1227 1627 1542 1678 exponemus,
