2112 3288
413 150 512 202 166
951 169 1012 200 10.
1040 169 1173 201 DEcn
1197 168 1392 201 BAROVII

412 299 515 333 rum
535 300 724 348 quoque
765 285 965 334 eandem
1016 285 1334 347 vigilantiam,
1386 298 1550 332 curam
1600 291 1647 334 et
1697 287 1874 336 sollici-

409 369 620 418 tudinem
649 374 896 432 suggerat,
933 383 1026 432 qua
1063 369 1188 418 salui
1226 382 1392 417 omnes
1431 372 1479 416 et
1503 367 1765 419 incolumes
1791 371 1881 419 sub

409 452 707 517 protectione
733 453 837 501 eius
863 467 1149 517 permanere
1189 457 1379 515 queant.
1419 451 1573 502 Porro
1607 453 1881 518 intelligere

410 551 464 584 se
476 536 648 586 foedus
674 537 769 584 iam
786 536 866 585 diu
892 536 1246 600 optatissimum
1261 550 1365 584 eum
1380 533 1707 586 Romanorum
1723 537 1878 602 Impe-

410 624 588 681 ratore,
616 625 761 684 atque
788 620 910 669 adeo
951 636 1055 668 cum
1087 620 1260 683 Regno
1287 618 1554 683 Vngariae,
1571 636 1722 685 opera
1744 619 1901 670 Prin·.

411 705 584 768 cipalis
610 705 889 754 Maiestatis
915 704 1060 753 ictum
1087 706 1510 768 confirmatumque
1537 720 1673 755 esse:
1707 720 1796 769 pro
1825 720 1882 755 eo

413 804 466 837 se
494 789 603 838 Deo
628 789 864 853 imprimis
890 789 1078 852 gratias
1104 804 1267 852 agere,
1309 790 1389 853 qui
1421 789 1542 838 tanti
1567 789 1886 854 Imperatoris

413 873 625 921 animum
650 873 698 921 in
724 873 942 922 favorem
969 873 1111 921 huius
1137 872 1427 922 Provinciae
1464 872 1720 935 inflexerit,
1770 889 1882 923 eun-

413 956 615 1019 demque
639 956 844 1019 precari,
871 960 923 1004 ut
948 955 1089 1004 huius
1114 955 1327 1005 foederis
1355 962 1452 1005 tam
1489 956 1689 1016 initium,
1741 971 1883 1021 quam

413 1039 592 1090 exitum
616 1039 686 1086 ita
712 1039 936 1102 dignetur
973 1040 1251 1098 fortunare,
1303 1054 1395 1102 quo
1432 1040 1744 1105 imposterum
1769 1055 1884 1105 quo-

413 1138 505 1186 que
530 1123 657 1171 hunc
678 1122 880 1171 eundem
896 1120 1133 1172 Caesaris
1151 1120 1431 1172 Germanici
1446 1123 1666 1172 favorem
1693 1138 1885 1189 semper

410 1205 695 1254 inoffensum
733 1205 944 1254 retinere
983 1210 1175 1268 queant.
1240 1204 1381 1264 Quod
1417 1220 1534 1255 vero
1558 1206 1784 1269 postulet,
1833 1212 1887 1256 ut

413 1288 713 1339 conditiones
738 1288 950 1337 foederis
977 1289 1060 1337 icti
1100 1289 1198 1352 ipsi
1223 1303 1413 1352 quoque
1427 1303 1514 1338 suo
1528 1303 1766 1340 consensu
1778 1304 1885 1339 con-

414 1374 609 1422 firmare
635 1372 798 1432 velint,
824 1372 869 1420 ei
896 1387 950 1420 se
975 1377 1088 1420 voto
1103 1371 1428 1421 libentissime
1444 1386 1732 1423 assessuros
1758 1380 1887 1424 eate-

415 1472 519 1517 nus,
548 1460 784 1520 quatenus
809 1456 920 1520 ipsa
966 1470 1155 1519 quoque
1180 1455 1474 1520 Principalis
1510 1457 1750 1507 Maiestas
1776 1473 1887 1508 con-

417 1542 623 1591 ditiones
660 1539 773 1588 illas
811 1545 947 1589 ratas
974 1540 1236 1603 firmasque
1263 1539 1445 1590 habere
1497 1541 1670 1603 vellet,
1720 1543 1788 1592 ita
1810 1547 1888 1593 ta·-

417 1642 524 1674 men
573 1630 625 1674 ut
661 1625 962 1673 confirmatio
997 1623 1236 1674 Ordinum
1275 1630 1372 1673 tum
1414 1624 1608 1674 tandem
1632 1630 1886 1692 utramque

417 1714 605 1774 partem
631 1707 830 1770 obliget,
858 1723 963 1756 cum
979 1705 1303 1756 Serenissima
1319 1705 1512 1771 Sponsa
1537 1709 1697 1758 Maria
1723 1707 1888 1760 Chris-

417 1794 578 1841 tierna
602 1792 738 1840 iuxta
776 1791 1156 1840 transactionem
1171 1789 1501 1840 Graecensem
1525 1792 1587 1840 ad
1611 1794 1888 1859 praescrip-

417 1883 515 1926 tum
544 1876 668 1924 diem
695 1875 903 1925 adducta
928 1875 1086 1934 fuerit,
1114 1879 1162 1923 et
1195 1875 1494 1925 confirmatio
1544 1877 1888 1928 transactionis

420 1976 477 2009 eo
502 1959 658 2020 modo,
686 1960 765 2023 qui
790 1960 840 2008 in
881 1960 1119 2024 capitibus
1144 1958 1356 2008 foederis
1385 1974 1651 2024 expressus
1676 1966 1767 2022 est,
1794 1960 1885 2012 Or-

420 2045 609 2093 dinibus
635 2043 797 2108 Regni
834 2043 1072 2108 praestita
1108 2043 1266 2093 fuerit.
1295 2043 1579 2107 Intelligere
1605 2044 1751 2094 etiam
1777 2060 1888 2095 sese

422 2128 588 2177 dicunt
626 2144 685 2176 ex
713 2128 816 2177 eius
843 2127 1164 2191 suggestione
1192 2141 1276 2176 eos
1298 2142 1408 2176 esse
1435 2128 1706 2179 Turcarum
1749 2144 1889 2179 cona-

417 2220 510 2273 tus,
544 2216 598 2260 ut
632 2211 725 2259 hac
761 2211 982 2276 proxima
996 2215 1184 2259 aestate
1211 2225 1376 2260 omnes
1402 2212 1532 2260 vires
1558 2210 1607 2259 in
1630 2213 1890 2276 perniciem

421 2294 821 2355 Christianorum,
860 2310 918 2342 ac
954 2294 1003 2342 in
1027 2293 1087 2342 iis
1124 2294 1382 2357 praecipue
1422 2294 1887 2358 Transylvanorum,

423 2378 642 2428 collaturi
693 2377 960 2426 videantur.
1013 2376 1224 2425 Proinde
1288 2377 1506 2440 quamvis
1568 2378 1720 2428 variis
1781 2396 1891 2444 pro-

422 2465 580 2512 ximae
631 2461 952 2524 expeditionis
1023 2460 1294 2524 sumptibus
1345 2464 1443 2526 tum
1504 2460 1721 2525 ipsimet,
1793 2469 1890 2513 tum

422 2563 537 2597 vero
588 2545 765 2596 subditi
810 2544 1007 2608 ¹penitus
1058 2543 1282 2592 exhausti
1344 2549 1534 2604 essent,
1576 2549 1737 2595 tamen
1786 2563 1892 2597 eum

423 2633 579 2681 sciant
602 2644 802 2678 nervum
827 2627 945 2677 belli
965 2627 1166 2690 gerendi
1193 2641 1302 2676 esse
1327 2629 1595 2692 pecuniam,
1611 2631 1892 2694 promittere

424 2716 553 2765 sein
580 2713 815 2763 rationem
853 2712 1151 2775 singularum
1189 2717 1438 2775 portarum
1477 2713 1616 2762 binos
1652 2714 1889 2777 florenos,

422 2813 528 2863 pro·
550 2797 809 2862 praesidiis
847 2795 1033 2845 alendis
1075 2796 1239 2859 sesqui
1263 2795 1494 2844 florenos:
1561 2797 1766 2862 denique
1802 2814 1890 2862 pro

424 2880 748 2946 peculiaribus
775 2878 931 2928 Aulae
946 2878 1238 2942 Principalis
1252 2880 1419 2928 usibus
1435 2880 1653 2942 singulos
1666 2882 1890 2943 florenos,

426 2980 546 3033 quos
570 2965 666 3035 ipsi
691 2964 795 3013 sine
820 2965 945 3013 omni
972 2964 1158 3012 defectu
1188 2969 1354 3013 essent
1378 2965 1694 3035 praescriptis
1721 2965 1890 3019 diebus
