2112 3288
446 171 514 221 90
965 185 1029 218 10.
1057 184 1191 217 DEcn
1216 182 1415 217 BARovn

445 302 708 367 praesidiis
735 317 846 351 esse
884 301 1079 350 nudata.
1133 300 1273 348 Nunc
1310 301 1539 349 utendum
1579 301 1941 365 Transylvanis

440 385 705 442 ¹occasione
732 400 857 443 esse,
909 390 958 433 et
996 399 1086 449 pro
1126 398 1290 433 eorum
1315 384 1365 431 in
1392 382 1659 432 Caesarem
1685 384 1781 432 fide
1807 383 1940 433 adni-

445 470 655 531 tendum,
682 475 734 518 ut
759 469 808 517 in
835 468 1046 518 hostium
1073 468 1282 517 ditiones
1307 468 1456 528 ferr-0,
1510 472 1558 516 et
1595 467 1792 516 flamma
1833 482 1940 516 sae-

445 555 593 614 viant,
621 551 904 602 circumlato
931 551 1080 613 longe
1117 551 1317 614 lateque
1344 551 1394 598 in
1421 565 1588 600 omnes
1613 555 1784 614 partes
1813 550 1941 600 omni

444 636 563 687 belli
587 642 790 686 terrore.
831 632 1094 683 Chereium
1136 634 1461 682 Tartarorum
1499 632 1940 701 Ohanum,-virum

442 721 715 781 militarem,
745 734 852 769 cum
878 717 1102 767 ducentis
1143 717 1358 766 millibus
1389 717 1696 782 popularium
1739 716 1942 767 sedibus

445 805 655 855 excitum
680 802 821 852 brevi
845 802 1125 857 affuturum3
1150 800 1232 864 qui
1256 806 1516 865 postquam
1536 800 1801 861 advenerit,
1829 800 1941 849 hos-

442 890 562 938 tium
586 887 709 936 fines
735 890 1050 951 pervagatus,
1077 885 1238 933 omnia
1264 899 1430 953 eorum
1455 885 1578 945 loca,
1604 886 1767 944 urbes,
1783 898 1940 943 arces,

444 972 638 1038 oppida,
664 972 825 1032 villas,
839 971 889 1018 in
904 970 1098 1030 fumum,
1114 973 1162 1017 et
1175 968 1396 1017 favillam
1411 973 1678 1028 convertet,
1695 967 1940 1017 abductis-

447 1072 541 1121 que
568 1055 869 1118 coniugibus,
899 1058 947 1102 et
972 1053 1156 1114 liberis,
1207 1068 1314 1101 cum
1340 1054 1468 1100 omni
1513 1068 1678 1101 eorum
1717 1053 1940 1102 substan-

443 1130 526 1199 tia,
557 1155 744 1189 omnem
792 1139 893 1186 late
930 1137 1186 1200 regionem
1222 1150 1524 1199 vacuamque
1561 1134 1939 1191 habitatoribus,

445 1230 733 1287 vastamque
759 1222 945 1271 reddet.
998 1221 1172 1282 Itaque
1213 1234 1318 1267 cum
1344 1218 1446 1266 illis
1473 1223 1667 1282 agetur,
1717 1223 1771 1267 ut
1794 1217 1940 1267 iidem

442 1308 665 1372 ipsismet
688 1306 785 1354 sint
813 1303 1080 1368 despectui,
1109 1306 1158 1351 et
1185 1300 1410 1361 ludibrio,
1425 1315 1666 1364 nusquam
1679 1300 1941 1365 respirare,

444 1391 523 1440 vel
551 1391 615 1439 ad
640 1391 792 1439 horae
820 1387 1033 1452 spatium
1060 1386 1236 1435 saltem
1262 1385 1453 1449 possint
1492 1385 1776 1434 consistere.
1803 1382 1943 1432 Nihil

444 1474 662 1539 Principi
689 1473 809 1522 iuris
836 1472 887 1520 in
914 1470 1168 1534 Vngariae
1194 1469 1370 1533 Regno
1386 1483 1513 1530 esse,
1529 1469 1664 1517 cuius
1679 1466 1943 1517 'commoda

443 1573 540 1607 non
567 1558 746 1607 debere
774 1570 879 1604 eum
903 1553 1100 1603 morari.
1155 1553 1261 1602 Nec
1300 1568 1466 1601 curam
1505 1553 1581 1602 sui
1618 1551 1668 1600 in
1704 1566 1761 1600 eo
1787 1554 1941 1600 atten-

454 1643 596 1703 dere3
627 1641 670 1689 si
697 1641 862 1703 itaque
890 1638 1079 1686 animus
1101 1637 1199 1701 ipsi
1225 1640 1301 1697 est
1329 1637 1375 1684 ei
1399 1635 1713 1696 inserviendi,
1739 1650 1868 1685 nunc
1892 1638 1942 1682 et

443 1725 622 1774 virtute
649 1738 771 1787 opus
800 1736 926 1781 esse,
956 1724 1004 1769 et
1031 1720 1253 1769 omuibus
1279 1719 1468 1768 viribus
1499 1718 1861 1777 elaborandum,
1888 1722 1941 1765 ut
1998 1722 2001 1725 ’

443 1825 548 1860 cum
572 1808 671 1872 ipsi
708 1807 875 1864 fidum,
925 1810 1025 1853 tum
1064 1804 1290 1852 hostibus
1327 1803 1694 1852 formidolosum
1732 1816 1786 1850 se
1824 1814 1940 1849 esse

384 1950 397 1957 „
444 1891 684 1942 ostendat.

584 1976 643 2023 In
681 1972 854 2023 Sinani
891 1971 1063 2030 literis,
1117 1985 1241 2034 quas
1281 1969 1451 2018 eodem
1502 1971 1790 2032 argumento
1829 1966 1938 2030 ipse

444 2076 635 2127 quoque
663 2059 726 2108 ad
752 2057 1029 2121 Principem
1056 2055 1270 2119 scripsit,
1298 2054 1348 2102 id
1375 2058 1482 2102 erat
1509 2052 1750 2102 additum:
1783 2051 1941 2116 perla-

441 2151 540 2194 tum
567 2144 629 2192 ad
656 2159 710 2192 se
738 2158 863 2203 esse,
914 2156 1020 2190 cum
1061 2138 1289 2189 hostibus
1316 2152 1594 2187 communes
1621 2151 1729 2185 eum
1754 2135 1940 2202 habere

439 2229 655 2277 rationes
683 2226 827 2288 belli3
869 2225 911 2273 si
950 2239 1036 2273 eos
1077 2237 1327 2272 sermones
1361 2236 1517 2270 vanos
1558 2219 1766 2269 reddere
1802 2217 1938 2280 velit,

441 2311 545 2360 eius
572 2310 776 2359 consilio
804 2308 1034 2357 utendum
1061 2306 1114 2363 ei
1135 2321 1272 2367 esse3
1303 2305 1367 2353 ad
1393 2304 1670 2353 mandatum
1701 2299 1938 2349 Caesaris

440 2394 606 2443 statim
630 2393 680 2441 in
705 2392 857 2454 pedes
898 2390 1272 2447 consistendum,
1331 2402 1564 2450 armaque
1615 2383 1854 2449 capienda
1894 2382 1940 2430 ei

441 2482 566 2536 sunt,
618 2476 662 2524 si
701 2476 924 2534 salutem,
976 2473 1324 2535 commodaque
1351 2470 1647 2519 Provinciae
1674 2468 1828 2516 chara
1852 2466 1938 2515 ha-

440 2563 568 2610 beat.
597 2560 920 2608 Tartarorum
948 2555 1184 2619 Chanum.
1213 2556 1456 2618 Legatum
1493 2554 1591 2602 iam
1629 2551 1693 2600 ad
1721 2565 1776 2600 se
1799 2564 1937 2615 prae2

439 2644 649 2703 misisse,
679 2641 761 2705 qui
786 2640 1039 2700 indicaret,
1067 2654 1173 2687 cum
1201 2638 1422 2687 ducentis
1450 2637 1666 2685 millibus
1691 2634 1939 2683 hominum

441 2743 550 2776 eum
575 2727 624 2774 in
641 2725 741 2773 has
769 2738 882 2774 oras
909 2723 1190 2771 adventare.
1245 2722 1313 2770 Hi
1351 2726 1612 2785 postquam
1638 2717 1937 2775 advenerint,

440 2811 774 2860 damnatorum
799 2806 993 2857 illorum
1020 2806 1286 2870 spirituum,
1313 2805 1525 2854 hostium
1554 2816 1750 2851 suorum
1774 2805 1936 2848 terras

438 2908 621 2953 omneS,
646 2893 929 2940 universam
956 2889 1164 2952 denique
1193 2893 1388 2951 gentem
1425 2887 1573 2945 illam,
1614 2883 1840 2932 omnibus
1864 2882 1934 2930 in-

438 2975 718 3036 commodis,
747 2974 1066 3037 cladibusque
1093 2972 1350 3031 adfectam,
1403 2975 1451 3018 et
1491 2969 1549 3016 de
1587 2966 1745 3015 medio
1774 2965 1935 3014 subla-
