2112 3288
0 2400 5 2402 ‚
0 2225 11 2373 wavra—«m.

621 204 686 237 DE
711 204 818 237 nnn.
844 203 958 236 VNG.
990 203 1102 236 Dm.
1129 204 1175 236 X.
1205 205 1249 237 L.
1276 206 1340 237 v1.
1535 233 1541 236 .
1645 190 1745 251 125

232 321 445 386 gillatim
472 326 711 387 quotquot
736 320 836 369 sint
861 319 1099 369 nobilium
1139 335 1246 368 cum
1291 334 1349 368 eo
1377 319 1641 384 disputent,
1668 330 1748 369 ve-

231 422 339 457 rum
359 413 589 458 constare
631 406 742 466 sibi,
795 405 926 468 quod
971 404 1203 468 princeps
1243 404 1429 452 habeat
1466 419 1630 453 secum
1668 420 1745 454 sa-

233 490 442 556 pientes,
481 505 671 554 usuque
711 504 873 539 rerum
926 487 1371 538 exercitatissimos
1424 487 1749 537 consiliarios.

233 574 449 627 Proinde
473 575 708 640 quicquid
734 589 840 624 cum
868 573 931 622 iis
958 572 1261 637 Principalis
1290 572 1531 621 Maiestas
1559 587 1751 637 compo-

231 664 390 722 neret,
415 665 564 725 atquc
591 657 961 708 communicatis
1001 656 1222 706 consiliis
1263 654 1592 718 concluderet,
1620 656 1751 720 quod

231 743 429 808 quidem
479 744 543 793 ad
580 743 831 809 publicam
868 741 1062 807 patriae
1102 741 1316 790 salutem
1355 741 1558 800 faceret,
1611 740 1657 788 01
1696 755 1750 789 80

228 827 504 891 universos,
532 844 591 878 ac
615 828 840 892 singulos
867 841 1054 876 summo
1070 841 1315 876 consensu
1340 839 1581 883 cessuros,
1598 830 1746 888 atque

233 912 605 978 subscripturos
645 927 771 963 esse.
828 913 907 961 Ita
946 915 1192 961 conventu
1233 904 1412 971 solute,
1454 908 1660 973 quisque
1688 908 1752 957 ad

232 1012 326 1047 sua
351 996 544 1046 dimissi
576 997 729 1046 fuere.
1190 1009 1192 1011 ’

705 1307 940 1359 CAPVT
969 1307 1277 1358 SEXTVM.

268 1441 346 1490 De.
382 1441 586 1491 comitiis
613 1441 816 1490 armatis
842 1439 1221 1500 Sabesz'ensibw,
1264 1446 1306 1486 et
1339 1437 1710 1486 Thorclensibus.

376 1585 650 1651 Postquam
676 1586 874 1635 comitia
887 1585 1088 1634 fuerunt
1103 1583 1284 1643 soluta,
1300 1587 1348 1632 et
1363 1581 1552 1647 aliquot
1579 1582 1748 1647 quieti,

232 1670 591 1738 apparatuique
630 1670 736 1720 dies
776 1668 1015 1730 concessi,
1055 1667 1140 1716 vix
1180 1666 1318 1731 duae„
1360 1672 1529 1716 tresve
1568 1666 1751 1716 hebdo-

231 1755 418 1807 madae·
443 1755 761 1816 transierant,
801 1738 910 1803 cum
950 1766 1066 1802 ecce
1094 1751 1336 1816 Princeps
1372 1736 1745 1801 severissimum

230 1841 283 1891 in
331 1855 501 1890 omnes
533 1844 724 1905 -partes
774 1837 1075 1904 provinciae>
1114 1835 1328 1885 edictum
1354 1836 1650 1900 promulgat,
1679 1835 1751 1885 uti

232 1940 404 1976 omnes
428 1925 628 1975 ordines
654 1924 846 1983 armati,
888 1923 939 1972 in
979 1921 1169 1986 campis
1206 1919 1610 1981 Sabesiensibus,
1651 1935 1746 1969 11110

232 2010 296 2060 ab
336 2007 624 2080 Alba-Iulia
670 2008 871 2058 milliari
910 2006 1100 2056 dissitis
1142 2005 1451 2066 conveniant,
1487 2004 1669 2069 partim
1696 2009 1750 2052 ut

233 2093 279 2144 si
313 2093 592 2143 necessitas
629 2087 709 2141 ita?
750 2093 930 2153 ferret,
982 2090 1177 2139 obviam
1220 2089 1448 2139 hostibus
1477 2088 1539 2136 iri
1564 2092 1751 2153 posset,

235 2178 417 2244 partim
443 2193 580 2239 vero,
605 2182 658 2226 ut
686 2176 804 2240 quid
829 2176 881 2224 in
906 2174 1059 2224 tantis
1075 2173 1464 2223 rerummotibus
1477 2172 1610 2222 facto
1626 2187 1750 2236 opus

234 2262 315 2324 sit,
351 2261 563 2312 ulterius
603 2262 981 2311 consultaretur.
1033 2258 1202 2308 Turca
1248 2258 1375 2306 enim
1414 2257 1612 2320 cognito
1652 2257 1751 2305 iam

180 2376 183 2378 ψ
236 2346 485 2413 Principis
510 2363 602 2412 per
617 2345 963 2412 exploratores
989 2344 1164 2407 animO,
1191 2348 1426 2408 coeperat
1455 2357 1627 2392 rursus
1642 2357 1750 2391 eum

236 2432 430 2482 artibus
457 2432 827 2492 circumvenire,
856 2446 916 2480 ac
941 2429 1310 2479 adulationibus
1337 2429 1402 2477 ad
1428 2427 1647 2477 taedium
1672 2442 1751 2475 us-

234 2531 330 2581 que
369 2520 518 2582 atque
543 2532 782 2567 nauseam
821 2513 1114 2564 demulcere.
1155 2514 1231 2563 Eo
1266 2512 1350 2562 ubi
1377 2527 1548 2562 omnes
1575 2526 1750 2560 conve-
1811 2566 1813 2568 ,

233 2600 438 2661 nissent,
477 2605 527 2650 et
565 2600 754 2665 aliquot
795 2599 983 2648 dierum
1024 2598 1266 2662 Princeps
1309 2613 1417 2646 cum
1445 2595 1748 2645 consiliariis

234 2684 644 2749 disceptationem
668 2684 941 2746 habuisset,
968 2683 1156 2747 primus
1183 2679 1750 2731 BalthasarBathoreus

234 2767 539 2833 quorundam
587 2768 821 2819 instinctu
859 2769 908 2817 111
948 2774 1289 2818 transversum
1325 2771 1482 2826 actus,
1535 2764 1750 2813 tentoria

234 2869 326 2903 sua
353 2853 514 2918 diripi,
541 2855 891 2918 asportarique
930 2853 1089 2909 iussit.
1131 2851 1357 2903 omnibus
1386 2849 1748 2898 cordatioribus

235 2954 297 2988 ex
324 2954 383 2988 eo
411 2938 760 3001 colligentibus
786 2939 904 2993 fore„
947 2943 1000 2987 ut
1025 2937 1313 2987 tristissima
1339 2935 1451 2983 inde
1479 2933 1748 2983 discordia-
1806 2955 1810 2959 ²

233 3038 338 3071 rum
367 3021 558 3071 semina
584 3028 894 3084 exurgerent
930 3022 1134 3070 Interim
1159 3019 1363 3069 nunciis.
1395 3034 1453 3067 ac
1467 3018 1620 3066 variis
1635 3018 1748 3066 sub-
