2112 3288
447 182 546 233 164
976 202 1034 233 ιο.
1062 202 1191 234 DECH
1218 202 1411 234 BARovn

439 328 733 364 communem
758 315 933 367 lectum
959 316 1197 380 adlocata,
1225 318 1574 367 interveniente
1614 317 1802 366 solenni
1837 318 1906 367 iu-

439 402 657 446 ramento
684 397 1222 464 PrincipiSigismundo
1259 417 1348 465 per
1386 401 1683 465 Episcopum
1718 401 1910 464 copula-

438 486 531 543 tur,
557 498 662 533 cum
688 483 792 532 eius
818 484 1007 534 nomine
1023 483 1300 550 Stephanus
1315 485 1534 534 Boczkai
1558 488 1911 553 sacramentum

443 566 758 618 iurisiurandi
822 569 1166 633 praestitisset.
1223 570 1316 619 His
1371 569 1440 617 ita
1489 554 1752 618 solenniter
1801 582 1910 616 con-
1949 588 1957 605 ν

437 644 596 711 fectis,
629 656 677 700 et
700 651 908 715 publicis
935 652 1161 716 precibus
1187 667 1275 717 pro
1301 652 1434 700 felici
1460 667 1565 701 cum
1603 650 1908 711 matrimonii,
1957 712 1960 713 γ

441 739 539 783 tum
564 734 778 783 foederis
804 735 945 784 huius
973 736 1259 785 sanctistimi
1296 741 1474 785 eventu
1512 735 1769 800 susceptis,
1794 734 1912 785 laeti

438 835 605 870 omnes
633 818 875 885 Spcnsam
900 821 1088 870 domum
1127 822 1381 870 deduxere.
1433 821 1550 869 Mox
1575 820 1810 870 instructo
1835 834 1910 869 so-

437 903 571 952 lenni
597 904 831 966 conviviO,
856 905 905 953 in
920 919 1012 968 quo
1029 903 1303 969 Stephanus
1318 902 1726 968 BoczkaiSponsi
1751 903 1910 952 locum

435 991 605 1037 tenens
619 986 838 1052 Sponsae
865 988 1065 1044 assedit,
1079 988 1258 1051 Legati
1274 1002 1441 1037 omnes
1455 1001 1544 1051 pro
1562 987 1730 1036 ordine
1745 987 1899 1035 cuius-

438 1087 529 1134 que
557 1088 614 1121 ac
641 1072 878 1135 dignitate
904 1071 1160 1134 magnifice
1175 1071 1382 1135 excepti,
1399 1071 1659 1135 donatique
1689 1075 1812 1119 sunt.
1837 1098 1907 1102 —

437 1155 514 1202 Ita
537 1155 683 1203 rebus
710 1154 928 1202 omnibus
968 1154 1175 1203 feliciter
1201 1159 1249 1202 et
1274 1165 1336 1202 ex
1357 1153 1500 1201 animi
1537 1153 1778 1202 sententia
1801 1168 1911 1203 con-

434 1237 591 1299 fectis,
632 1254 735 1287 cum
773 1238 1048 1286 molitiones
1087 1238 1415 1286 Barbarorum
1465 1236 1761 1286 celeritatem
1799 1252 1907 1300 per-

437 1322 673 1371 ficiendae
698 1323 771 1371 rei
794 1323 1112 1386 postularent,
1153 1322 1441 1372 continuatis
1457 1322 1559 1370 dies
1574 1327 1718 1386 atque
1744 1326 1910 1382 noctes

435 1407 689 1456 itineribus
728 1407 883 1469 legati
921 1406 1066 1456 biduo
1101 1413 1212 1470 post
1245 1406 1672 1471 desponsationem
1696 1404 1909 1455 Graecio

436 1491 692 1551 Viennam,
719 1489 913 1539 Vienna
941 1506 1055 1539 vero
1083 1491 1131 1538 in
1159 1490 1574 1555 Transylvaniam
1598 1489 1802 1540 rediere.
1835 1559 1836 1562 Ἴ

686 1928 915 1979 OAPVT
954 1927 1276 1977 DEOIMVM
1308 1926 1644 1987 QVINTVM.

470 2050 545 2096 De
575 2047 785 2098 Comitiis
810 2046 1082 2096 vernalibus
1128 2046 1576 2112 Transylvanorum,
1616 2063 1864 2110 eorumque

950 2130 1121 2179 ibidem
1147 2131 1377 2180 Decretis.

572 2263 900 2313 Praemiserat
925 2261 1203 2325 Stephanus
1230 2260 1449 2310 Boczkai
1489 2260 1725 2324 Princeps
1765 2258 1899 2323 lega-

434 2347 580 2396 tionis
607 2352 765 2396 certos
793 2363 818 2395 e
847 2361 933 2395 suo
949 2345 1188 2406 comitatn,
1217 2359 1476 2407 eorumque
1517 2359 1668 2408 opera
1708 2343 1899 2392 felicem

432 2430 692 2495 legationis
720 2435 942 2494 eventum
969 2433 1153 2477 mature
1179 2427 1396 2491 Principi
1421 2426 1800 2490 significaverat,
1851 2431 1901 2476 et

432 2521 529 2564 tam
557 2514 855 2564 conditiones
897 2512 1124 2574 foederis,
1165 2527 1309 2574 quam
1345 2511 1515 2559 initum
1551 2510 1901 2559 matrimonium

432 2600 530 2648 rite.
548 2598 917 2663 perscripserat.
933 2595 1120 2656 Quibus
1148 2595 1367 2644 omnibus
1381 2594 1615 2658 Princeps
1630 2593 1895 2657 Sigismun-

432 2683 534 2743 dus,
561 2697 709 2745 supra
735 2695 875 2744 quam
901 2679 1119 2742 cuiquam
1145 2678 1375 2726 credibile
1403 2677 1479 2738 sit,
1506 2676 1824 2737 exhilaratus,
1850 2680 1900 2724 et

430 2766 699 2826 ministrum
723 2770 822 2813 tam
846 2763 962 2812 laeti
986 2763 1146 2812 nuncii
1171 2762 1442 2811 liberaliter
1468 2761 1679 2822 donavit,
1707 2766 1755 2810 et
1780 2774 1894 2823 quo-

431 2850 569 2898 modo
605 2847 953 2912 quamprimum
979 2861 1059 2896 res
1085 2846 1310 2895 inchoata
1348 2845 1496 2894 semel
1522 2845 1690 2907 perfici
1713 2848 1896 2908 posset,

431 2933 511 2981 diu
536 2934 826 2995 multumque
853 2946 1013 2979 secum
1040 2935 1087 2977 et
1127 2945 1231 2978 cum
1257 2928 1566 2978 Consiliariis
1606 2926 1895 2991 disquisivit.

432 3016 648 3064 Tandem
664 3031 723 3063 ne
737 3014 982 3062 videretur
990 3013 1276 3062 inconsultis
1288 3013 1448 3074 Regni
1460 3011 1724 3060 Ordinibus
1735 3023 1895 3072 agere,
