2112 3288
484 171 551 220 92
1006 189 1070 220 10.
1100 189 1232 221 1)Εο11
1258 189 1457 222 BARovu

483 304 627 352 sedes
667 304 971 352 invadendas
1012 304 1254 363 dantibus,
1310 322 1475 354 eorum
1514 306 1752 354 maleficia
1779 305 1885 369 pari
1910 305 1980 354 in-

484 387 733 436 commodo
763 402 874 436 esse
902 388 974 435 eis
999 370 1407 438 referendasNec
1433 389 1658 453 hyemem
1676 404 1782 437 eum
1810 388 1982 438 abhoc

483 486 632 534 opere
652 485 802 534 posse
829 471 1093 530 deterrere,
1121 487 1228 519 cum
1255 472 1318 520 ad
1343 469 1546 520 ferenda
1573 472 1644 520 eis
1671 471 1979 521 incommoda

483 568 579 601 non
618 553 683 602 sit
726 553 835 618 ipse
863 554 1326 617 quoquedeteriore
1376 555 1601 604 hostibus
1653 555 1776 619 ipsis
1817 554 1978 605 condi-

482 636 632 699 tione3
659 638 868 687 animum
895 643 1083 686 tantum
1109 639 1171 687 ab
1199 654 1256 688 eo
1276 640 1474 702 requiri,
1492 640 1573 703 qui
1589 640 1732 706 etiam
1748 654 1837 704 pro
1852 638 1982 688 iusta

485 717 719 768 Caesaris
747 735 900 769 causa
927 719 1102 768 deesse
1141 737 1239 770 non
1277 723 1475 785 poterit,
1526 721 1831 787 amplissima
1869 721 1983 771 olim

485 803 679 865 gratiae
712 803 845 852 illius
883 804 1129 867 praemia,
1181 820 1269 868 pro
1308 811 1490 855 navata
1529 807 1573 855 01
1606 811 1706 855 tam
1732 805 1981 854 commodo

483 890 703 950 tempore
730 902 882 950 opera
911 890 1187 950 accepturo,

918 1145 1155 1195 CAPVT
1195 1144 1556 1206 QVARTVM,

486 1267 562 1314 Dc
590 1267 837 1328 Zeclzinio,
867 1274 911 1313 et
937 1267 1051 1315 aliis
1092 1267 1380 1331 quibusdam
1420 1267 1614 1326 arcibus
1651 1269 1705 1315 in
1747 1266 1985 1316 Christia-

865 1367 1034 1398 norum
1068 1359 1344 1413 potestatem
1369 1350 1592 1399 redactis.
1786 1338 1789 1341 ”
1964 1352 1967 1353 ’

630 1468 750 1519 Cum
778 1470 848 1520 ita
879 1470 934 1518 ¹in
972 1468 1342 1534 Transylvania
1365 1469 1676 1522 Mahumetes
1702 1468 1983 1532 dissereret,

486 1554 583 1602 iam
610 1554 804 1616 Vngari
829 1569 991 1603 rerum
1006 1568 1202 1603 suarum
1217 1557 1522 1616 satagentes,
1548 1556 1716 1620 plures
1733 1555 1881 1605 etiam
1894 1554 1982 1605 ho-

487 1638 632 1686 stium
647 1652 801 1697 arces,
812 1636 1294 1698 utSomoskeovium,
1306 1636 1625 1699 Kekkevum,
1636 1638 1985 1700 Hollokevum,

489 1720 736 1783 Bujakum
764 1721 936 1770 ditioni
962 1736 1081 1769 suae
1109 1720 1446 1784 adiungentes,
1468 1721 1743 1772 Zechenum
1778 1732 1986 1787 quoque,
2028 1749 2030 1751 ·

488 1804 592 1854 eius
619 1804 896 1866 PraefectO,
925 1820 1031 1853 cum
1056 1804 1414 1868 praesidiariis,
1453 1805 1725 1870 incolisque
1763 1806 1986 1856 omnibus

487 1882 680 1950 Turci's,
706 1893 852 1937 noctu
878 1887 992 1937 inde
1025 1887 1305 1950 excedente,
1347 1893 1720 1953 occupaverant,
1756 1890 1988 1953 famaque

488 1978 607 2031 erat,
638 1987 724 2022 eos
750 1987 847 2021 non
872 1972 967 2021 nisi
992 1971 1239 2033 HatvanO,
1280 1971 1602 2037 Zolnokoque
1641 1973 1814 2038 captis,
1839 1969 1987 2022 'arma

487 2056 864 2105 circumferendi
901 2056 1046 2104 finem
1060 2055 1295 2126 facturos.
1325 2055 1509 2105 Iisdem
1525 2056 1697 2106 diebus
1725 2074 1756 2106 a
1783 2058 1987 2106 Temes-

489 2140 709 2188 variensi
724 2138 971 2188 Chausius
997 2139 1168 2188 literas
1195 2138 1414 2203 Principi
1440 2141 1614 2202 attulit,
1639 2155 1736 2190 non
1748 2141 1846 2190 iam
1858 2139 1987 2205 prio-

486 2223 622 2273 ribus
650 2224 849 2281 similes,
878 2224 968 2272 sed
995 2223 1170 2287 quibus
1197 2223 1302 2284 ille,
1343 2223 1414 2271 uti
1438 2207 1554 2273 mos*
1569 2225 1733 2287 gentis
1768 2224 1871 2274 eius
1899 2227 1988 2284 est,

490 2305 651 2354 omnia
689 2306 939 2354 commodo
973 2320 1078 2364 suc,
1134 2309 1183 2353 et
1220 2306 1522 2369 temporibus
1560 2306 1817 2365 metientis,
1856 2310 1987 2356 totus

490 2388 672 2437 effusus
711 2388 762 2436 in
790 2388 1136 2448 adulationem,
1154 2389 1318 2452 palam
1346 2389 1597 2450 fateretur,
1631 2390 1889 2454 praeclare
1927 2389 1988 2438 de

490 2469 709 2520 Caesare
722 2470 1001 2535 Principem
1016 2471 1251 2531 meritum,
1271 2485 1397 2533 quae
1407 2471 1619 2534 partium
1631 2472 1789 2536 ipsius
1806 2477 1994 2537 essent,-

489 2555 680 2605 abunde
708 2554 1002 2619 explevisse,
1032 2554 1271 2619 siquidem
1310 2554 1373 2603 ad
1406 2555 1570 2618 Regni
1609 2556 1818 2605 confinia
1852 2571 1989 2605 exer-

494 2639 591 2688 citu
608 2639 782 2699 1111000,
811 2643 859 2687 et
885 2652 1024 2686 suam
1049 2637 1372 2696 Provinciam,
1404 2643 1453 2687 et
1478 2654 1532 2688 se
1560 2640 1704 2689 simul
1739 2655 1844 2689 cum
1871 2639 1990 2699 suis,

490 2737 520 2769 a
545 2723 594 2770 vi
620 2722 834 2771 hostium
861 2721 1150 2771 incolumem
1165 2721 1486 2785 praestiterit.

631 2806 837 2855 Multum
864 2821 971 2855 eum
999 2805 1061 2853 ad
1086 2804 1263 2868 reliqui
1302 2805 1447 2854 etiam
1480 2806 1716 2870 temporis
1756 2805 1987 2855 securita-

488 2892 587 2936 tem
613 2903 670 2937 eo
698 2889 986 2949 additurum,
1014 2887 1057 2936 si
1082 2887 1204 2936 nihil
1231 2888 1290 2936 de
1316 2889 1524 2951 pristina
1565 2887 1852 2952 diligentia,
1892 2892 1989 2937 stu-

440 3006 442 3008 -
486 2969 661 3034 dicque
686 2972 992 3032 remittendO,
1020 2971 1129 3019 dum
1167 2972 1433 3020 immensae
1473 2970 1706 3027 Caesaris
1752 2971 1883 3025 vires
1922 2971 1986 3025 ad
