2112 3288
538 197 602 229 nn
628 196 736 230 nnn.
766 197 878 230 vno.
907 197 1018 231 nnc.
1047 198 1112 232 xl.
1143 198 1186 233 n.
1213 200 1243 232 1.
1516 200 1523 204 ·
1558 186 1659 238 287
1709 214 1712 218 ¹

175 313 425 380 Stephano
452 310 655 372 Csaki0,
685 313 920 362 Ladislao
950 312 1187 401 (ἱγυψῇ,
1224 321 1273 364 et
1310 317 1420 366 aliis
1447 318 1662 367 selectis-

164 397 301 451 simis
327 395 602 461 quibusque
628 396 906 461 primorum,
933 412 1022 461 per
1047 391 1170 446 fines
1197 398 1454 462 Vngariae
1485 406 1534 449 et
1559 401 1660 450 Mo-

160 481 330 532 raviae
343 480 511 532 XVII.
526 479 764 530 februarii
778 496 884 530 cum
898 480 1004 530 XII
1020 480 1155 530 cisiis
1169 480 1386 546 Pragam
1411 484 1660 548 profectus

161 571 251 617 est.
281 565 429 616 Datis
458 565 610 631 quieti
636 565 823 629 aliquot
845 565 1036 626 diebus,
1063 572 1323 631 postquam
1351 569 1569 618 occultas
1593 569 1661 619 ibi

160 667 268 702 cum
295 649 516 701 Caesare
543 650 604 700 de
630 649 706 711 iis,
747 665 871 715 quae
898 656 1074 715 postea
1102 657 1398 702 consecutae
1425 658 1550 715 sunt,
1587 670 1660 703 re-

157 737 250 788 bus
288 736 547 786 admodum
571 735 720 784 tacite
749 735 1132 786 deliberationes
1167 736 1437 798 habuisset,
1478 744 1527 788 et
1565 737 1659 788 VI.

157 821 327 872 Martii
351 821 490 871 aurei
515 820 717 870 velleris
758 825 931 885 torque
959 821 1230 871 solenniter
1255 823 1318 871 ab
1346 824 1655 887 Imperatore

155 906 420 971 insignitus
458 906 650 964 fuisset,
692 910 895 971 accepto
935 906 994 955 de
1027 906 1186 955 literis
1226 906 1424 956 Hazoni
1466 907 1656 957 Bassae

156 991 345 1053 nuncio,
371 1006 433 1040 ne
458 989 575 1055 quid
601 1004 656 1038 se
682 991 887 1039 absente
912 991 1164 1040 turbarum
1190 991 1240 1040 in
1253 990 1516 1042 Provincia
1543 992 1656 1041 sub-

154 1076 374 1133 oriretur,
402 1075 680 1125 incredibili
718 1076 970 1125 celeritate
1010 1076 1204 1126 domum
1244 1077 1400 1139 rediit,
1450 1092 1655 1142 cumque

156 1166 267 1227 post
281 1164 533 1226 peractum
548 1160 835 1210 Dominicae
846 1160 1134 1210 Nativitatis
1150 1158 1353 1211 Sacrum
1392 1161 1653 1228 profectio-

154 1246 230 1295 nis
254 1245 419 1295 itineri
443 1260 499 1295 se
526 1245 758 1306 dedisset,
786 1245 849 1295 ad
874 1246 1052 1295 festum
1079 1244 1388 1296 Parasceves
1415 1247 1465 1296 in
1492 1248 1650 1298 Tran-

156 1330 434 1396 sylvaniam
462 1332 631 1380 saluus
661 1336 809 1395 atque
836 1330 1091 1380 incolumis
1118 1331 1274 1381 rediit.

576 1678 809 1731 CAPVT
847 1679 1242 1732 SECVNDVM.

151 1791 228 1841 De
254 1790 406 1841 literis
431 1791 631 1840 Hazonz’
648 1792 830 1840 Bassae
858 1793 924 1840 ad
940 1792 1223 1856 Principem
1246 1792 1649 1858 Transylvaniae.

292 1912 546 1963 Reversus
572 1912 720 1976 igitur
749 1913 939 1962 domum
968 1912 1222 1979 PrincepS,
1251 1919 1509 1965 senatores
1537 1930 1646 1964 con-

153 1997 315 2046 festim
337 1997 510 2047 Albam
537 2003 790 2056 convocat,
820 1997 1077 2062 accitoque
1099 1999 1153 2054 ⁴in
1181 2004 1402 2049 senatum
1442 2000 1646 2050 chauzio

150 2082 322 2132 literas
347 2082 546 2133 Hazoni
572 2084 764 2132 Bassae
806 2083 992 2148 recipit.
1034 2086 1084 2133 Is
1131 2100 1237 2134 cum
1265 2085 1503 2149 Belgradi
1542 2102 1646 2136 cum

149 2168 316 2232 aliqua
341 2169 590 2234 copiarum
618 2174 759 2234 parte
798 2169 1083 2231 resedisset,
1124 2176 1173 2219 et
1211 2170 1260 2219 in
1300 2187 1469 2220 omnes
1509 2187 1646 2221 occa-

150 2253 316 2302 siones
354 2253 581 2310 intentus,
621 2251 828 2310 victoria
866 2253 930 2302 ad
954 2254 1345 2318 persuadendum
1370 2255 1646 2321 Principem

146 2337 442 2387 abutendum
465 2338 718 2399 iudicaret,
746 2338 1059 2388 tabellarium
1086 2339 1295 2404 expedit,
1312 2345 1361 2389 et
1386 2340 1544 2390 literis
1565 2341 1646 2390 ad-

150 2422 341 2473 modum
366 2422 633 2487 patheticis
659 2422 722 2471 ad
754 2422 1032 2488 Principem
1072 2424 1219 2473 solita
1245 2440 1351 2474 cum
1379 2426 1646 2475 officiorum

150 2507 504 2573 pollicitatione
533 2508 756 2572 scriptis:
797 2507 969 2570 Quum,
996 2509 1165 2574 inquit,
1192 2510 1646 2572 BelgradiRascia-

148 2607 318 2643 norum
333 2607 427 2655 ego
443 2593 788 2655 commorarer,
815 2595 1092 2660 scripseras
1119 2595 1182 2646 ad
1197 2612 1286 2657 me,
1314 2594 1642 2645 Serenissime

146 2676 398 2741 Princeps,
440 2677 773 2728 consentiente
812 2679 902 2728 tibi
928 2678 1174 2729 Michaele
1203 2680 1641 2744 Transalpinorum

148 2760 377 2811 Palatino
416 2767 464 2811 te
504 2761 625 2810 nihil
664 2764 911 2813 malitiose
941 2771 1116 2830 sponte
1144 2765 1384 2813 adversus
1412 2764 1640 2814 invictum

145 2850 364 2895 nostrum
403 2846 758 2910 Imperatorem
814 2848 1031 2898 molitum
1082 2849 1248 2907 fuisse,
1289 2849 1376 2896 sed
1416 2848 1638 2898 omnibus

146 2928 282 2980 hisce
307 2930 592 2980 tumultibus
620 2931 814 2981 bellicis
832 2932 1065 2983 Sinanum
1094 2935 1302 2982 Bassam
1331 2933 1638 2982 occasionem

145 3015 447 3080 praebuisse.
500 3015 658 3076 Quum
695 3021 854 3067 autem
898 3018 994 3067 iam
1033 3019 1140 3083 ipse
1181 3034 1205 3066 e
1241 3018 1387 3066 rebus
1415 3018 1637 3068 humanis
