2112 3288
537 185 599 217 DE
626 184 732 218 nnn.
759 182 873 217 vno.
899 181 1009 216 nne.
1036 182 1081 215 X.
1109 182 1152 215 L.
1179 181 1262 215 vn.
1566 165 1666 218 143

166 319 332 354 carum
345 308 492 368 atque
502 302 827 352 Tartarorum
843 298 1203 348 multitudinem
1219 298 1580 349 Temosvarino
1605 299 1619 322 5
1632 298 1665 364 5)
1683 330 1685 333 -

166 387 426 456 Lippaque
437 385 700 452 prodiisse,
727 399 784 432 eo
812 399 933 432 sane
963 382 1185 443 consili0,
1217 387 1270 431 ut
1283 388 1482 432 nostros
1500 379 1667 448 45)op-

168 471 470 538 pugnatione
483 468 725 530 Facziadi
738 473 1021 534 occupatos,
1039 467 1083 516 si
1091 467 1308 532 impares
1324 467 1422 516 sibi
1433 467 1540 516 fore
1554 483 1667 530 eog-

163 556 401 616 noverint,
428 554 740 605 adoriantur:
757 553 835 602 sin
855 553 1027 614 minus,
1044 551 1352 616 Lugasinum
1378 557 1520 601 recta
1553 567 1664 616 pro-

159 640 290 703 fecti,
315 640 547 706 oppidum
572 655 679 690 cum
704 639 923 688 finitimis
949 638 1072 687 locis
1111 637 1360 702 diripiant,
1394 641 1666 701 cunctaque

161 726 293 776 ferro
319 729 469 790 atque
493 723 691 774 flamma
741 725 1016 774 absumant.
1083 722 1142 771 Id
1183 721 1389 771 simulac
1425 721 1545 771 belli
1570 722 1668 770 dux

113 831 115 833 ¹
163 809 368 875 accepit,
395 809 679 859 convocatis
725 809 986 859 confestim
1024 811 1171 857 noctu
1210 806 1433 856 omnibus
1471 802 1546 871 55),
1585 805 1668 870 qui

162 893 245 943 vel
269 893 583 954 authoritate,
611 892 694 941 vel
720 891 886 956 aliquo
913 907 1078 941 rerum
1105 906 1198 940 usu
1235 891 1405 940 valere
1444 891 1667 940 videren-

161 983 254 1040 tur,
279 993 382 1028 rem
410 978 483 1027 eis
509 981 732 1027 cunctam
758 976 932 1041 aperit,
960 981 1010 1025 et
1035 980 1195 1025 utrum
1224 975 1274 1023 in
1300 975 1668 1040 oppugnatione

161 1062 356 1113 castelli
379 1062 666 1128 persistant,
694 1078 759 1138 an
795 1061 1022 1111 hostibus
1064 1065 1323 1110 occurrant
1358 1058 1442 1124 55),
1483 1060 1668 1125 disqui-

161 1146 365 1198 rendum
390 1147 638 1217 proponit.
666 1145 842 1196 Visum
865 1150 956 1208 est,
983 1154 1099 1210 post
1125 1146 1342 1210 longam,
1362 1160 1567 1210 eamque
1595 1160 1668 1194 se-

163 1232 291 1283 riam
328 1233 752 1299 disceptationem,
780 1232 870 1283 toti
887 1232 1107 1294 consilio,
1130 1232 1315 1281 omissa
1341 1231 1391 1279 in
1417 1245 1667 1295 praesens

163 1317 362 1367 castelli
412 1317 791 1383 oppugnatione,
838 1317 1009 1383 copias
1062 1316 1319 1366 confestim
1358 1315 1666 1379 Lugasinum

163 1404 356 1467 ducere,
382 1419 445 1453 ne
472 1402 590 1452 dum
613 1402 777 1452 aliena
803 1418 983 1468 capere
1010 1407 1263 1463 conantur,
1278 1401 1494 1466 propria,
1511 1416 1666 1465 eaque

161 1487 363 1538 maioris
401 1486 549 1551 longe
587 1484 669 1546 ⁵⁷),
710 1502 856 1551 quam
895 1487 1142 1536 tantillum
1178 1486 1243 1535 sit
1270 1486 1543 1545 castevum,
1569 1501 1667 1535 mo·

160 1571 325 1632 menti,
363 1571 576 1620 maximo
622 1586 729 1620 cum
754 1571 1061 1636 reipublicae
1113 1571 1402 1620 detrimento
1442 1571 1667 1620 amittere

162 1659 419 1720 cogantur.
445 1656 524 1704 Ita
549 1654 796 1703 revocatis
821 1671 881 1703 ex
899 1659 1102 1704 senatus
1119 1656 1342 1705 consulto
1362 1652 1421 1720 55)
1450 1672 1479 1705 a
1495 1661 1671 1721 coepta

161 1740 530 1808 oppugnatione
567 1740 822 1802 militibus,
873 1744 1058 1805 quauta
1096 1746 1372 1805 potuerunt,
1414 1741 1670 1790 celeritate

161 1826 480 1890 Lugasinum,
526 1824 703 1874 itinere
746 1825 905 1889 fugae
945 1825 1093 1874 simili
1137 1821 1213 1889 55),
1254 1840 1423 1875 omnes
1456 1826 1666 1891 profecti

161 1915 276 1961 sunt
309 1909 394 1971 ⁴¹⁰).
445 1908 570 1959 Sunt
606 1923 704 1958 non
741 1909 903 1974 pauci,
943 1909 1026 1974 qui
1055 1908 1181 1958 haec
1228 1907 1240 1929 ‘¹
1262 1906 1291 1973 ¹)
1331 1909 1608 1973 proditione
1634 1893 1677 1958 a·

161 1993 342 2046 Geztio
368 2000 418 2046 et
444 1993 672 2055 conficta,
701 1998 750 2043 et
777 1999 924 2058 gesta
959 1979 1116 2043 fuisse
1155 1998 1438 2043 constanter
1466 2009 1663 2044 asseve-

305 2183 350 2231 ⁸³)
374 2186 457 2221 Kov.
475 2199 487 2219 :
512 2184 788 2221 Temesvarino

307 2245 350 2290 ⁸⁴)
369 2247 454 2293 Eyy.
473 2247 548 2281 cod.
565 2259 577 2280 .-
594 2248 724 2287 nostro

307 2304 352 2354 ³⁵)
370 2307 458 2343 Kov.
475 2321 487 2341 .-
511 2304 687 2343 omnibus
706 2309 824 2341 noctu

308 2366 352 2412 ³⁸)
370 2369 453 2414 qu.
471 2368 546 2402 cod.
566 2380 574 2402 :
595 2378 799 2403 occurrans

305 2427 348 2473 ³⁴)
368 2429 454 2463 Kov.
468 2439 482 2462 .·
498 2428 612 2474 longe
632 2425 785 2462 maioris
829 2439 833 2444 ’

306 2487 348 2534 ³⁸)
361 2489 448 2523 Kov.
465 2501 477 2522 .-
503 2487 623 2524 csak:
643 2486 680 2522 S.
702 2486 742 2523 C.

307 2548 348 2596 ⁸⁹)
365 2551 396 2583 E
413 2547 601 2586 kuzbetdt
617 2548 795 2584 Koa-nal
813 2548 988 2584 ninesen.

298 2608 350 2655 ⁴⁰)
366 2608 425 2645 Az
442 2609 491 2646 itt
508 2607 756 2647 kovelkezo'k
774 2608 923 2657 helyett
946 2607 1112 2645 Koa—nal
1148 2608 1244 2645 ezek
1263 2608 1447 2646 allanak:
1482 2609 1538 2645 lbi
1558 2613 1658 2655 post-

160 2682 274 2719 quam
289 2672 436 2719 aliquot
448 2669 710 2708 hebdomadas
725 2671 1019 2719 transegissent,
1035 2669 1353 2717 creberrimisque
1372 2669 1662 2707 excursionibus

158 2742 236 2768 non
257 2732 431 2780 exiguum
462 2730 718 2769 Tartar-orum
731 2743 942 2778 numerum,
977 2731 1173 2769 nonnullis
1208 2731 1306 2769 vivis
1334 2731 1471 2777 captis,
1498 2730 1659 2776 carptim

159 2791 498 2840 consumpsi-sent,
516 2803 589 2828 nee
623 2792 703 2828 ulla
732 2792 789 2829 rei
807 2804 876 2839 pro
913 2796 1004 2830 voto
1023 2791 1218 2839 gerendae
1238 2790 1486 2827 commoditas
1506 2789 1660 2826 offerre-

156 2859 228 2899 tur,
246 2865 295 2890 ne
313 2851 509 2899 temporiis
525 2851 675 2895 iniuria,
695 2854 1013 2900 commeatusque
1027 2853 1190 2899 penuria
1220 2852 1394 2887 homines
1427 2850 1583 2896 pariter,
1614 2861 1658 2886 ac

157 2916 326 2951 iumenta
359 2914 500 2950 frustra
534 2912 829 2959 conficerentur,
864 2915 1073 2950 incolumes
1118 2924 1260 2957 omnes,
1296 2912 1428 2959 paucis
1475 2910 1660 2947 duntaxat

159 2975 323 3020 amissis,
342 2973 493 3010 domum
507 2973 666 3009 rediere.

305 3034 351 3080 ⁴¹)
368 3035 450 3081 qu.
469 3034 542 3069 cod.
560 3047 572 3068 .-
588 3033 660 3070 hac
