2112 3288
628 177 692 208 DE
720 176 825 208 nnn.
851 175 963 208 vno.
991 175 1101 209 Dec.
1130 176 1175 208 x.
1203 176 1245 208 L.
1275 176 1337 209 1v.
1535 213 1543 216 ,
1679 159 1745 230 75

230 299 381 355 caret,
407 310 438 342 a
464 293 626 342 Bassa
651 293 843 341 demum
869 291 1102 352 Budensi,
1132 291 1215 355 qui
1241 292 1458 352 multum,
1486 297 1535 340 et
1561 293 1745 340 nomini

230 393 334 438 suc,
361 376 527 441 magni
553 375 689 425 illius
717 374 1028 437 Mahometis,
1058 375 1140 439 qui
1167 374 1314 424 trium
1330 373 1602 424 Caesarum
1619 390 1743 424 sum-

233 475 342 512 -mus
367 457 579 510 Consilii
606 458 823 508 Praeses
846 458 1039 520 fuisset,
1067 458 1218 508 filium
1241 473 1296 507 se
1321 458 1568 519 iactando,
1596 464 1645 508 et
1671 475 1745 508 re-

237 545 500 595 bus-antea
526 542 695 606 gestis,
727 547 777 591 et
801 541 1030 591 felicitati
1057 542 1312 603 tribueret,
1340 547 1590 602 exoratus,
1620 558 1745 591 com-

229 627 462 677 mendata
489 627 596 676 eius
622 626 739 675 fidei
764 627 932 675 finium
972 626 1180 690 primum
1222 641 1356 686 cura,
1398 626 1672 690 relictaque
1700 627 1745 675 ei

228 710 423 776 potiore
450 726 559 760 cum
587 711 836 774 equitatus
864 711 955 771 sui,
982 715 1082 760 tum
1122 711 1374 775 peditatus
1414 710 1561 759 etiam
1587 715 1746 775 parte,

215 795 336 860 ‘ipse
362 809 471 844 cum
497 794 690 858 reliquo
717 794 953 855 exercitu,
980 794 1179 858 filioque
1214 795 1511 854 BellerbeiO,
1552 794 1742 852 eodem,

224 893 322 944 quo
349 883 570 939 venerat,
597 877 774 927 itinere
801 878 866 927 ad
892 879 1197 942 Belgradum
1238 879 1287 927 in
1326 879 1554 943 hyberna
1581 879 1745 927 redire

227 963 415 1012 statuit.
467 964 574 1012 Iam
614 967 761 1012 antea
799 963 1010 1027 Vngari,
1050 963 1248 1012 amissis
1275 967 1349 1013 tot
1386 963 1437 1011 in
1477 961 1745 1013 Sclavonia

161 1097 163 1099 ,
227 1062 356 1096 anno
383 1047 641 1112 superiore
668 1047 882 1110 arcibus,
910 1048 1216 1113 periculique
1243 1048 1596 1112 magnitudine,
1615 1064 1742 1112 quae

224 1131 417 1181 cunctis
444 1133 541 1181 non
558 1147 726 1192 secus,
769 1148 829 1181 ac
868 1133 911 1181 si
952 1136 1176 1182 extrema
1215 1133 1312 1181 iam
1340 1133 1564 1188 omnibus
1590 1133 1743 1181 immi-

222 1219 411 1276 nerent,
439 1214 706 1266 oboculos
733 1222 842 1266 erat
875 1217 1068 1282 posita,
1121 1218 1295 1276 coacti,
1327 1218 1392 1266 ad
1428 1216 1744 1282 Redolphum

225 1297 497 1349 Caesarem
517 1301 770 1350 solennem
809 1301 1111 1365 legationem
1150 1302 1482 1362 instituerant,
1522 1318 1632 1366 qua,
1661 1297 1751 1366 qui

223 1384 356 1447 apud
383 1399 492 1434 eum
518 1385 856 1449 fungerentur,
884 1386 1020 1435 viros
1047 1386 1159 1448 fide,
1188 1387 1532 1451 charitateque
1561 1386 1611 1435 in
1637 1391 1744 1451 pat-

218 1467 345 1516 riam
381 1467 638 1531 insignes,
666 1469 990 1518 Franciscum
1025 1470 1350 1532 Nadasdium,
1391 1476 1440 1520 et
1479 1470 1741 1519 Nicolaum

223 1551 469 1613 Palffium,
520 1552 691 1603 addito
729 1553 803 1603 eis
842 1554 1096 1619 Episcopo
1136 1553 1740 1615 lauriensivOancellariO,

227 1636 312 1700 qui
337 1635 470 1701 apud
497 1634 770 1687 Caesarem
796 1642 912 1687 tunc
938 1653 1111 1688 munus
1148 1653 1287 1688 suum
1327 1638 1512 1698 obibat,
1540 1629 1744 1701 delege—

222 1725 352 1793 rant,
381 1721 583 1785 ,quibus
621 1722 991 1787 interpretibus,
1048 1738 1174 1787 quae
1213 1723 1426 1772 maxime
1466 1722 1743 1771 conducere

225 1804 424 1854 afflictis
451 1821 620 1855 eorum
646 1807 797 1856 rebus
825 1807 1191 1867 existimabant,
1219 1806 1365 1856 fidem
1393 1805 1644 1867 Caesaris,
1660 1823 1743 1856 ne-

227 1889 496 1940 cessariam
551 1896 722 1942 contra
784 1891 956 1942 hostes
1011 1891 1349 1941 defensionem
1393 1891 1739 1954 implorabant.

228 1974 386 2035 Quem
412 1980 466 2025 ut
490 1976 652 2039 magis
678 1981 1040 2041 permoverent,
1068 1977 1118 2025 in
1144 1983 1242 2049 tam
1268 1976 1523 2041 praesenti
1549 1976 1743 2040 patriae

219 2059 718 2119 discrimine,miti0ra
728 2062 991 2110 etiamnum
1005 2061 1213 2110 consilia
1223 2061 1382 2110 animo
1394 2056 1734 2125 versant(em),

222 2158 379 2207 usque
405 2159 463 2193 00
490 2145 714 2208 provecti
743 2145 905 2195 studio
932 2147 1100 2194 fuere.
1155 2150 1207 2194 ut
1244 2146 1409 2209 palam
1448 2144 1736 2203 indicarent,

227 2227 271 2275 si
298 2243 354 2276 se
394 2228 621 2278 desertos
661 2229 1004 2279 crudelissimo
1044 2229 1177 2278 hosti
1216 2229 1532 2288 lacerandos,
1586 2228 1735 2277 confi-

223 2311 524 2377 ciendosque
551 2313 867 2378 relinqueret,
897 2314 1027 2378 quod
1054 2314 1279 2363 omnibus
1302 2313 1635 2362 animantibus
1651 2328 1740 2361 na-

223 2399 336 2445 tura
361 2397 566 2447 inditum
594 2403 756 2456 esset,
808 2403 861 2448 ut
888 2398 1114 2448 subsidia
1152 2398 1312 2457 vitae,
1363 2397 1492 2447 unde
1518 2402 1740 2463 possent,

226 2483 464 2542 peterent,
493 2480 543 2529 id
570 2496 626 2530 se
653 2496 848 2546 quoque
866 2481 1144 2532 inevitabili
1171 2481 1301 2530 malo
1331 2481 1537 2538 adactos
1565 2497 1739 2546 exper-

223 2567 377 2624 turos,
404 2564 767 2630 impetrataque
805 2567 1157 2628 incolumitate,
1200 2567 1351 2616 certis
1390 2567 1587 2630 legibus
1633 2582 1738 2615 cum

229 2646 398 2697 Turca
423 2653 778 2701 transacturos.
835 2654 966 2702 Dum
1004 2653 1129 2702 haec
1155 2652 1354 2716 Pragae
1394 2655 1740 2709 tractarentur,

224 2745 285 2779 ea
311 2732 522 2803 omnium
547 2736 885 2799 persuasione,
916 2737 1096 2786 Turcis
1124 2753 1183 2787 00
1212 2751 1340 2786 anno
1367 2733 1575 2799 gerendi
1615 2734 1735 2783 belli

226 2828 418 2864 omnem
443 2815 539 2864 iam
573 2817 860 2869 facultatem
900 2836 1014 2870 esse
1052 2820 1360 2885 praecisam,
1414 2822 1618 2882 repente
1652 2818 1738 2868 alii

225 2912 376 2961 super
402 2898 527 2949 alios
553 2902 715 2952 nuncii
754 2904 1063 2966 advolantes,
1106 2905 1263 2970 primo
1304 2902 1737 2967 Constantinopoli

223 2979 459 3041 Sinanum
486 2984 551 3033 ad
590 2985 772 3043 bellum
813 2989 1118 3053 Vngaricum
1159 3004 1264 3039 cum
1308 2986 1529 3036 exercitu
1568 3002 1737 3051 egres·
