2112 3288
614 170 679 203 DE
704 168 813 204 REB.
844 168 956 204 vno.
984 169 1095 204 nno,
1121 169 1186 204 x1.
1212 171 1257 205 L.
1284 171 1333 205 11.
1505 160 1514 163 “
1622 158 1726 208 323

201 285 505 350 sanguinem,
533 285 682 335 etiam
709 301 815 334 cum
845 285 978 334 vitae
1006 286 1230 348 periculo
1262 286 1601 338 fidelissimam
1616 305 1727 353 ope-

199 385 306 419 ram
330 385 532 433 navare,
559 370 650 419 sed
679 371 930 420 turbatam
948 369 1188 420 duntaxat
1209 376 1432 422 nostram
1446 372 1727 422 libertatem

198 452 572 504 vindicavimus.
600 451 657 503 Si
681 452 806 518 ipsis
838 452 976 502 licuit
1001 453 1259 504 ministros
1285 452 1587 504 reformatae
1612 455 1726 505 reli-

202 537 365 602 gionis
405 543 609 589 nostrae
637 536 907 604 Gryaluin0,
947 537 1190 601 Zilahino,
1231 537 1549 589 Borberkino
1577 543 1726 603 atque

203 621 351 673 Deva
374 637 465 688 per
489 622 589 672 vim
616 621 895 685 excludere,
922 627 1106 686 quanto
1132 621 1295 686 magis
1333 622 1412 671 fas
1449 621 1541 672 fuit
1579 622 1723 671 nobis

203 721 457 757 commune
495 706 737 757 Ordinum
775 707 1059 768 Decretum,
1098 704 1348 770 Principis
1375 705 1725 772 chirographO,

203 790 519 842 iureiurando
545 796 695 856 atque
721 790 890 855 sigillo
906 791 1244 841 confirmatum
1272 804 1362 856 pro
1390 790 1724 841 vindicatione

205 881 409 928 nostrae
434 875 686 926 libertatis
713 875 904 940 exequi.
944 874 1278 936 Quamobrem
1317 874 1498 924 obnixe
1525 889 1725 925 oramus

203 958 526 1010 Maiestatem
552 959 673 1022 eius,
699 974 762 1009 ne
787 973 879 1009 nos
906 959 957 1008 in
971 958 1204 1009 libertate
1229 962 1418 1020 nostra,
1447 973 1592 1023 quam
1618 958 1724 1009 iure

204 1045 380 1094 merito
407 1044 551 1109 quasi
574 1043 877 1109 postliminio
917 1044 1220 1093 restituimus
1246 1043 1297 1093 in
1322 1044 1587 1108 integrum,
1622 1043 1725 1093 ullo

205 1133 353 1194 pacto
379 1130 584 1180 turbare
610 1129 746 1191 velit,
773 1143 868 1193 quo
895 1133 945 1178 et
970 1144 1063 1179 nos
1091 1128 1291 1178 sublata
1323 1128 1454 1178 omni
1491 1128 1728 1178 intestina

209 1213 474 1275 discordia,
508 1229 691 1277 magna
716 1229 824 1263 cum
850 1213 1111 1263 alacritate
1152 1213 1402 1278 possimus
1428 1213 1726 1278 Imperatori

208 1305 381 1351 nostro
407 1299 601 1349 fidelem
628 1303 850 1348 nostram
877 1313 1080 1363 operam
1095 1298 1337 1348 adversus
1352 1299 1540 1349 iuratos
1556 1297 1726 1348 Chris-

206 1383 330 1435 tiani
355 1383 567 1433 nominis
593 1382 767 1432 hostes
792 1382 1092 1446 impendere.
1144 1383 1274 1432 Nam
1310 1382 1440 1448 quod
1466 1383 1748 1432 conciona-v

211 1475 371 1520 torem
395 1471 618 1517 nostrum
644 1467 886 1532 Princeps
913 1466 1311 1516 clementissimis
1353 1467 1456 1533 suis
1484 1467 1535 1516 111
1561 1466 1723 1516 literis

206 1553 403 1606 vafrum
428 1568 488 1602 ac
515 1551 803 1602 seditiosum
841 1552 1075 1613 nominat,
1114 1551 1165 1599 id
1205 1550 1398 1615 quidem
1423 1566 1515 1617 pro
1554 1565 1628 1613 ec,
1667 1566 1727 1600 ac

208 1638 459 1699 debemus,
485 1637 708 1701 graviter
733 1637 1039 1700 molesteque
1076 1635 1303 1700 patimur,
1343 1651 1550 1700 eumque
1586 1651 1726 1701 pror·

207 1735 294 1771 sus
320 1722 384 1771 ab
424 1720 557 1771 omni
594 1719 853 1770 seditionis
893 1718 1177 1783 suspicione
1215 1716 1499 1778 liberamus,
1543 1719 1726 1784 quippe

207 1805 292 1870 qui
327 1808 431 1854 tam
468 1802 683 1868 publice,
728 1818 872 1868 quam
911 1801 1142 1865 privatim
1179 1801 1500 1851 honorificam
1528 1817 1727 1866 semper

207 1888 446 1940 Caesaris
472 1888 631 1938 nostri
657 1887 950 1937 mentionem
962 1886 1153 1946 fecerit,
1182 1891 1231 1935 et
1245 1885 1620 1936 ardentissimas
1633 1902 1724 1951 pro

206 1972 522 2037 Principibus
537 1972 722 2021 nostris
736 1986 912 2036 preces
928 1970 1145 2034 quotidie
1160 1970 1445 2032 instituerit,
1469 1970 1725 2020 instituen-

210 2057 401 2122 dasque
427 2056 686 2105 curaverit.
722 2056 819 2105 His
846 2060 896 2104 et
921 2054 1165 2104 similibus
1192 2054 1318 2115 aliis,
1347 2070 1452 2104 cum
1480 2070 1536 2104 se
1563 2053 1724 2104 Vara-

210 2141 409 2191 dienses
436 2145 779 2209 excusassent,
807 2139 988 2203 Legati
1015 2139 1207 2189 domum
1233 2139 1486 2189 redierunt
1525 2142 1573 2188 et
1598 2140 1720 2204 pub-

214 2226 343 2275 licae
370 2225 663 2276 concordiae
689 2225 927 2290 pacisque
967 2225 1134 2288 gratia
1172 2239 1275 2274 rem
1320 2224 1370 2273 in
1408 2224 1581 2274 eodem
1619 2224 1724 2273 illic

210 2314 344 2359 statu
369 2309 722 2374 relinquerunt.

636 2582 872 2635 OAPVT
912 2583 1291 2636 SEPTIMVM.

211 2693 531 2760 Deleqatione
551 2692 871 2742 Tartarorum
888 2703 930 2743 et
957 2693 1001 2741 T
1001 2693 1408 2758 ransylvanorum
1438 2690 1720 2742 ultrocitro-

208 2795 299 2843 que
314 2777 482 2840 missis,
496 2794 555 2825 ac
566 2779 835 2825 iuramento
843 2778 1097 2827 Michaelis
1104 2777 1325 2826 Palatini
1346 2775 1721 2839 Transalpinae.

350 2897 429 2946 De
454 2896 692 2946 intestina
708 2896 1033 2947 Tartarorum
1049 2896 1291 2946 seditione
1319 2912 1474 2962 supra
1489 2896 1716 2945 diximus.

207 2981 285 3031 Ea
311 2981 779 3044 motus,Kasike1-ei
805 2981 943 3031 initio
970 2982 1113 3031 huius
1141 2981 1254 3030 anni
1270 2981 1466 3044 legatos
1482 2982 1544 3030 ad
1566 2981 1717 3045 Sigis-

1489 3076 1575 3121 21*
