2112 3288
537 201 603 236 DE
639 200 748 246 ΒΒΒ.
779 198 893 233 vno.
921 198 1195 232 1111011011.
1222 196 1254 232 1.
1513 201 1521 204 ’
1574 182 1710 235 289·

169 273 384 371 Proinde
409 331 509 366 11011
534 321 612 365 est
637 314 770 379 quod
795 311 1316 393 1100οΡ1011ᾓο110111111
1341 313 1509 362 verbis
1526 314 1672 364 fidem

177 402 384 463 habeas,
420 403 506 450 aut
529 413 674 449 secus
701 412 757 447 se
782 412 886 447 rem
906 395 1096 445 habere
1133 393 1226 444 tibi
1260 396 1583 460 persuadeas,
1620 412 1682 446 ne

126 545 131 548 v
167 482 287 536 1111111
311 497 504 548 quoque
529 486 647 532 nota
674 480 920 530 mendacii
946 494 1035 544 per
1061 482 1110 526 te
1137 478 1270 541 apud
1285 476 1587 527 Caesarem
1574 495 1676 527 mu-

167 572 319 629 tatur,
347 582 456 617 oum
469 566 709 616 hactenus
737 564 883 614 etiam
909 562 1103 611 nomine
1134 566 1298 610 vestro
1326 562 1525 626 saepius
1550 562 1680 626 apud

169 642 276 700 eius
300 650 612 700 maiestatem
637 648 929 714 pudefactus
956 645 1147 702 fuerim,
1175 649 1225 693 et
1252 650 1330 693 sat
1355 645 1453 693 iam
1480 645 1678 708 sangui-

166 733 246 783 nis
270 733 470 784 humani
494 733 721 797 utrinque
750 732 816 781 sit
842 732 1062 780 effusum.
1102 727 1285 791 Cogita
1311 729 1443 788 mihi,
1479 744 1679 792 quaese,

170 804 401 881 quantum
439 817 505 866 sit
541 815 686 865 nefas
723 815 774 863 in
812 813 1159 877 magistratum
1197 827 1336 873 arma
1374 826 1582 875 sumere,
1631 812 1682 860 id

173 900 303 964 quod
328 904 380 950 01
403 900 455 950 111
481 900 641 950 sacris
669 898 919 948 codicibus
947 896 1129 946 vestris
1146 895 1383 960 scriptum
1411 883 1524 944 esse
1545 881 1679 944 novi-

170 999 291 1037 mus.
345 982 784 1034 Verum-enimvero
812 982 962 1031 etiam
989 981 1096 1029 sine
1135 979 1350 1043 scriptae
1376 979 1508 1041 legis
1534 994 1678 1042 prae-

168 1074 312 1135 cepto
338 1084 447 1119 cum
471 1074 526 1119 tu
564 1071 688 1134 ipse,
730 1073 831 1117 tum
860 1081 1115 1116 sacrorum
1141 1069 1417 1113 vestrorum
1443 1062 1683 1126 praefecti

169 1151 299 1202 scire
324 1152 550 1218 potestis,
578 1167 815 1201 summum
843 1165 956 1199 esse
982 1149 1227 1214 piaculum
1259 1147 1311 1196 in
1335 1147 1679 1210 magistratum

168 1235 354 1285 bellum
380 1236 649 1301 suscipere.
700 1235 808 1284 Nec
845 1239 895 1282 te
934 1231 1186 1297 praeterit,
1225 1245 1322 1279 non
1358 1234 1408 1279 te
1449 1231 1606 1278 solum
1630 1229 1680 1277 in

170 1317 266 1368 hac
301 1319 418 1368 navi
454 1319 710 1383 navigare,
762 1317 853 1366 sed
891 1315 1110 1365 eiusdem
1150 1314 1316 1363 delicti
1353 1328 1489 1362 reum
1522 1313 1681 1361 teneri

173 1401 470 1453 Michaelem
496 1417 690 1467 quoque
706 1399 1075 1464 Transalpinae
1090 1397 1386 1457 Palatinum,
1415 1397 1492 1446 cui
1516 1401 1681 1445 tamen

168 1486 502 1553 Imperatoria
527 1485 787 1535 clementia
813 1484 976 1534 omnia
997 1487 1163 1532 errata
1189 1481 1498 1542 condonavit,
1525 1485 1574 1529 et
1598 1495 1680 1528 ve-

171 1570 358 1631 xillum,
396 1569 719 1619 investiturae
759 1568 979 1631 signum,
1019 1565 1251 1625 contulit,
1289 1570 1517 1629 pacatam
1547 1563 1679 1612 deni-

171 1659 267 1720 que
305 1643 610 1720 provinciam
648 1654 781 1703 bona
817 1651 914 1700 fide
953 1649 1215 1699 concessit.
1263 1647 1393 1696 Nam
1436 1647 1566 1711 quod
1605 1662 1679 1696 se-

171 1735 271 1787 mel
297 1733 490 1786 Caesar
513 1735 835 1802 proloquitur,
873 1733 925 1783 id
962 1737 1122 1782 ratum
1167 1745 1460 1794 sacrumque
1505 1729 1681 1780 haberi

172 1835 368 1885 semper
406 1818 554 1884 cupit.
607 1817 832 1869 Priorem
883 1817 1031 1866 etiam
1071 1813 1311 1864 Chamum
1350 1813 1677 1862 Tartarorum

169 1902 496 1966 Imperatorio
543 1917 743 1951 munere
781 1899 1025 1965 privavit,
1077 1898 1520 1960 magistratumque
1569 1896 1681 1945 Pin-

173 1987 314 2048 cioni,
353 1987 438 2051 qui
464 1984 702 2050 Agriensi
743 1984 931 2049 praelio
960 1997 1163 2047 operam
1192 1996 1331 2029 suam
1359 1979 1570 2030 Caesari
1595 1996 1678 2028 na-

171 2069 322 2132 vavit,
349 2069 564 2132 benigne
591 2068 807 2118 contulit.
843 2066 1059 2115 Proinde
1086 2064 1325 2128 quicquid*
1349 2068 1564 2112 erratum
1591 2054 1682 2112 'est

171 2154 412 2205 hactenus
437 2153 682 2216 utrinque,
720 2151 771 2200 id
806 2150 957 2200 futuri
994 2148 1230 2212 temporis
1270 2147 1527 2209 diligentia
1554 2163 1679 2211 com-

173 2237 377 2303 pensari
416 2251 625 2301 aequum
665 2241 755 2285 est.
806 2235 935 2284 Nam
972 2238 1026 2282 ut
1063 2236 1140 2280 est
1176 2231 1226 2278 in
1262 2230 1553 2295 proveibio:
1604 2230 1681 2279 Ne

175 2335 330 2386 equus
346 2320 541 2385 quidem
556 2308 710 2369 semel
720 2319 848 2367 male
865 2304 1112 2380 cespitans
1128 2314 1439 2363 confestimtr
1442 2314 1680 2363 ucidatur.

176 2404 491 2471 Quapropter
530 2418 822 2455 renovemus
862 2399 1176 2451 iureiurando
1217 2414 1389 2463 pacem
1415 2398 1493 2447 his
1522 2398 1683 2447 condi-

176 2488 407 2549 tionibus,
445 2493 499 2538 ut
536 2493 589 2537 tu
627 2487 823 2551 quidem
851 2486 956 2535 eius
983 2483 1149 2546 Regni
1175 2482 1304 2531 liber
1330 2482 1567 2546 Princeps
1596 2482 1680 2538 sis,

175 2571 431 2637 provincia
455 2575 636 2636 pacata
660 2574 872 2630 maneat,
913 2573 963 2617 et
987 2573 1120 2617 tutus
1143 2570 1442 2615 commeatus
1468 2565 1677 2613 tabella—

174 2655 263 2706 riis
287 2655 603 2720 praebeatun
643 2655 739 2704 His
778 2658 940 2703 autem
976 2652 1137 2701 literis
1176 2651 1296 2699 meis
1336 2650 1481 2698 velim
1517 2664 1682 2711 quam-

171 2740 381 2810 primum
405 2738 727 2803 respondeas.
767 2737 911 2797 Quod
936 2736 980 2785 si
1006 2735 1157 2784 misso
1185 2732 1449 2782 tabellario
1487 2731 1681 2790 feceris,

174 2824 282 2873 iuro
308 2838 400 2888 per
425 2837 656 2885 magnum
682 2820 1028 2880 Mahumetum,
1071 2834 1147 2867 me
1186 2817 1376 2866 saluum
1416 2821 1466 2864 et
1497 2815 1680 2863 incolu-

176 2904 303 2958 mem
329 2906 572 2969 Legatum
609 2910 744 2955 tuum
781 2905 846 2954 ad
881 2910 931 2954 te
964 2903 1298 2962 remissurum,
1352 2900 1422 2948 ita
1449 2904 1501 2948 ut
1526 2903 1682 2949 tutum

175 2990 403 3042 veniendi
429 3006 489 3039 ac
513 2988 751 3039 redeundi
778 2993 1101 3040 commeatum
1128 2986 1392 3034 habiturus
1419 2984 1498 3032 sit.
1539 2983 1684 3032 Hunc

237 3095 390 3121 MORVM.
407 3095 525 3120 HVNG.
540 3094 632 3119 Hls'r
655 3108 686 3111 —
703 3088 944 3119 SCRIPTORE‘S
968 3093 1047 3117 xvn
1484 3078 1536 3118 19
