2112 3288
546 200 611 233 DE
636 200 745 235 REB.
770 200 883 235 vno.
912 201 1022 234 nnc.
1062 203 1108 236 x,
1138 202 1182 236 L.
1213 203 1280 236 VI.
1533 213 1539 216 -
1588 190 1687 243 113
1725 226 1729 231 ,

168 315 345 378 tuaria,
371 332 432 367 ac
455 317 689 377 clamosa,
718 321 983 366 venatores
1023 317 1209 382 optimi,
1245 323 1295 367 et
1321 320 1586 370 certissimi
1611 310 1689 370 sass

168 402 447 465 gittatores‚
474 401 610 449 feras
637 401 747 450 loco
774 404 936 449 motas
953 416 1074 465 prae
1091 415 1146 450 se
1163 402 1355 464 fugant,
1371 419 1484 452 mox
1500 404 1550 451 in
1580 405 1689 453 cho-

168 499 288 537 reae
313 483 530 549 speciem
564 490 719 546 actas,
759 484 875 554 telis
916 484 1069 534 veluti
1106 485 1347 548 ludentes,
1388 488 1686 537 confodiunt.

167 566 264 619 His
291 567 406 633 equi
431 574 545 618 sunt
566 568 766 630 docileS,
797 573 846 618 ct
873 573 1082 618 externa
1109 570 1305 634 quidem
1348 571 1515 635 specie
1544 573 1690 622 maci-

166 652 300 716 lenti,
328 649 431 714 sed,
459 668 612 719 supra
639 644 785 718 quam
813 654 1041 718 cuiquam
1079 654 1317 704 credibile
1356 655 1433 717 sit,
1474 655 1689 717 veloces,

166 737 448 798 et-robusti,
476 738 560 802 qui
585 737 772 787 hordeo
793 742 1076 803 pascuntur,
1112 753 1272 803 neque
1312 739 1493 788 ferreis
1535 740 1688 790 soleis

11 841 16 854 =
92 844 103 893 s
172 821 327 886 pedes
353 821 647 881 muniuntur,
687 824 916 887 exempla
937 823 1289 888 suppliciorum
1317 823 1555 874 divinitus
1571 841 1688 888 gen-

164 905 299 956 tibus
337 907 680 957 immissorum.
734 907 923 971 Magna
972 907 1210 975 ipsorum·
1242 924 1475 973 pecorum
1527 909 1685 974 copia,

165 990 362 1054 quando
388 991 498 1041 sola
524 1007 674 1041 carne
703 991 894 1056 equina,
923 991 1003 1040 vel
1030 992 1226 1053 bovina,
1253 994 1334 1041 vel
1361 993 1510 1042 etiam
1536 1009 1688 1057 quan-

169 1074 330 1139 doque
355 1075 569 1125 humana
596 1075 826 1136 contenti,
852 1079 954 1124 tam
989 1075 1117 1136 vin0,
1162 1091 1308 1140 quam
1346 1077 1591 1126 frumento
1617 1077 1688 1127 fa-

166 1157 260 1208 cile
299 1175 473 1210 carere
510 1164 734 1226 possunt.
790 1157 954 1208 Carne
994 1160 1261 1210 semicocta
1300 1177 1390 1225 pro
1418 1161 1542 1223 cibo,
1583 1162 1689 1210 iure

166 1242 272 1293 cius
298 1259 390 1309 pro
415 1249 538 1309 potu
565 1249 775 1304 utentes,
802 1259 915 1293 nam
943 1243 1170 1308 equinum
1200 1245 1489 1308 sanguinem
1526 1245 1576 1294 in
1603 1245 1683 1294 de-

136 1366 141 1367 ⁷
168 1326 298 1377 liciis
322 1327 523 1389 habent,
550 1328 680 1377 lacte
707 1333 884 1389 tamen,
927 1332 977 1376 et
1002 1327 1150 1389 milio,
1192 1329 1540 1393 pulmentoque
1568 1329 1686 1379 deli-

170 1411 384 1462 catiores
410 1417 623 1462 utuntur.
665 1410 974 1474 Religionem
1013 1426 1121 1459 cum
1162 1412 1342 1460 Turcis
1382 1428 1687 1462 communem

168 1497 368 1559 habent,
419 1513 478 1547 ac
503 1496 842 1561 unusquisque
869 1496 967 1544 Dei
992 1495 1138 1544 fidem
1165 1511 1220 1544 se
1254 1497 1420 1546 colere
1448 1497 1687 1558 dictitant,

167 1583 259 1632 sed
283 1581 420 1631 nulla
446 1598 553 1632 cum
580 1582 822 1646 religione
867 1581 1029 1644 laude,
1058 1597 1118 1630 ac
1133 1581 1358 1631 oratione
1377 1598 1685 1647 prosequun-

166 1672 260 1728 tur,
285 1665 423 1716 idola
449 1666 693 1730 quaedam
719 1682 750 1714 a
777 1680 831 1713 se
858 1665 1073 1714 formata
1099 1670 1412 1727 venerantur,
1440 1664 1682 1717 Chamum

99 1759 111 1774 ·
167 1765 257 1802 seu
280 1751 476 1816 vRegem
503 1767 643 1802 suum
671 1750 769 1800 Dei
795 1750 948 1799 filium
974 1756 1268 1814 agnoscunt,
1295 1752 1490 1800 somnia
1519 1753 1688 1801 obser-

165 1841 299 1898 vant,
325 1851 498 1903 uagos,
556 1841 606 1885 et
628 1834 890 1885 -veneficos
930 1835 1111 1896 colunt,
1149 1835 1415 1884 daemones
1448 1836 1499 1883 in
1538 1835 1686 1885 idolis

168 1935 415 1986 responsa
440 1921 705 1971 reddentes
731 1920 954 1981 adorant,
983 1934 1124 1969 omne
1153 1935 1311 1983 genus
1340 1921 1583 1969 scelerum
1605 1920 1688 1969 im·-

166 2020 298 2070 pune
323 2009 629 2071 perpetrant.
647 2004 783 2067 ⁴Sunt
809 2004 957 2054 etiam
985 2004 1310 2062 eflemi'natae,
1337 2005 1687 2068 inauditaeque

166 2089 402 2152 libidinis,
431 2091 627 2156 quippe,
667 2090 750 2153 qui
787 2105 883 2138 non
923 2088 1065 2138 modo
1106 2089 1158 2136 in
1188 2088 1423 2151 maribus,
1440 2094 1490 2138 et
1514 2089 1686 2138 foemi-

171 2174 264 2236 nis,
293 2175 383 2225 sed
411 2192 473 2225 ne
499 2176 549 2225 in
586 2175 763 2225 bestiis
803 2173 998 2238 quidem
1039 2188 1178 2222 suum
1221 2174 1439 2227 furorem
1480 2174 1687 2237 explere

168 2266 365 2324 queant,
417 2261 614 2311 belluae
650 2259 825 2323 magis,
880 2274 939 2307 ac
976 2267 1211 2319 monstra,
1264 2274 1410 2323 quam
1450 2258 1686 2319 homines,

166 2358 303 2396 more
330 2346 544 2396 Turcico
571 2346 741 2410 plures
768 2358 950 2394 uxores
977 2343 1178 2404 habent,
1195 2348 1395 2392 amatre
1437 2348 1486 2392 et
1512 2359 1686 2393 sorore

166 2436 355 2481 tantum
380 2430 696 2480 humaniores
725 2429 988 2488 abstinent,
1004 2428 1225 2492 reliquos
1241 2427 1552 2490 cognationis
1567 2444 1686 2491 gra-

169 2517 261 2574 dus
286 2532 377 2582 pro
403 2515 557 2565 nihilo
585 2515 778 2565 ducunt.
806 2514 1080 2562 Praeterea
1104 2527 1260 2576 usque
1288 2511 1413 2561 adeo
1429 2512 1685 2570 immanes,

169 2610 222 2654 ut
257 2618 350 2653 nec
386 2617 532 2652 senes
570 2604 905 2659 revereantur,
958 2613 1050 2647 nec
1089 2597 1304 2647 infantes
1342 2597 1685 2652 misereantur,

170 2687 459 2752 sanguinem
484 2686 747 2735 humanum
774 2699 944 2748 aeque,
973 2699 1032 2733 ac
1057 2698 1237 2746 aquam
1251 2681 1449 2730 haurire
1478 2695 1575 2728 non
1589 2681 1686 2728 for-

170 2773 382 2833 midant,
421 2771 654 2820 caedibus
693 2772 936 2831 exultant3
986 2768 1199 2817 hostium
1242 2767 1369 2816 alios
1410 2781 1436 2813 e
1476 2765 1683 2829 rupibus

171 2858 291 2907 dant
316 2854 632 2921 praecipites,
659 2855 785 2904 alios
812 2853 989 2918 positis
1019 2843 1172 2916 supra
1198 2850 1377 2899 collum
1404 2848 1556 2902 saxis,
1586 2850 1684 2898 col·

167 2942 340 3001 lidunt,
369 2933 620 3004 plerisque
648 2937 1066 2997 delitescentibus,
1095 2951 1201 2985 cum
1228 2935 1326 2982 telo
1367 2932 1683 2982 transverbe-

167 3030 294 3085 rant,
319 3024 754 3090 prosilientemque
779 3023 892 3071 inde
919 3036 1140 3071 cruorem
1168 3022 1376 3081 sugunt3
1400 3017 1565 3080 capita
1578 3032 1686 3066 cae-

230 3130 383 3156 MONVM,
401 3130 521 3156 IIVNG.
540 3126 638 3153 Hls'l‘,
656 3140 689 3145 -—
702 3127 952 3153 ScmP'PORES.
968 3126 1059 3152 xvii.
1482 3110 1508 3151 8
