2112 3288
344 176 450 229 324
871 191 936 226 10.
963 190 1096 225 DEcn
1122 190 1320 227 BAnovn

344 308 570 358 mundum
595 307 871 372 Principem
910 308 1125 369 miserat,
1170 308 1611 372 benevolentiaque
1639 313 1728 357 sua
1752 323 1850 358 am-

342 392 564 456 plissime
589 391 848 455 promissa,
877 391 1055 440 obnixe
1081 407 1189 441 cum
1226 396 1512 454 rogaverat,
1539 396 1591 440 ut
1616 406 1762 440 unum
1787 406 1849 440 ex

342 475 527 524 intimis
553 489 764 536 suorum,
806 489 1010 538 quocum
1035 473 1241 524 consilia
1273 475 1666 535 communicaret,
1705 473 1769 523 ad
1794 488 1849 523 se

342 558 536 609 mittere
574 565 672 608 n'on
699 558 957 608 dubitaret.
998 557 1236 624 Princeps
1264 559 1366 609 etsi
1391 558 1719 622 periculosum
1742 557 1850 607 fore

346 642 538 691 videret
576 642 784 693 salutem
823 657 1019 692 suorum
1045 646 1146 691 tam
1170 643 1387 692 barbara
1430 642 1626 691 feritate
1651 639 1869 704 immani,
1926 680 1930 683 ,

345 726 478 776 hosti
504 726 732 776 credere:
759 731 924 775 tamen
941 731 1056 791 post
1082 727 1283 790 longam
1309 727 1722 791 disceptationem
1745 731 1851 775 tan-

345 810 452 859 dem
474 810 592 859 vicit
611 825 679 859 ea
703 810 753 859 in
780 810 985 859 consilio
1012 811 1268 873 sententia,
1295 816 1348 860 ut
1382 812 1461 860 vel
1486 816 1670 860 temere
1688 809 1851 874 potius

347 908 487 959 spem
497 899 697 955 tantam,
714 909 802 943 seu
826 894 1084 952 fortunam,
1102 894 1425 958 experiretur,
1442 909 1538 957 qua
1550 909 1596 942 m
1610 909 1700 958 per
1712 893 1850 956 igna-

345 978 477 1027 viam
504 978 753 1027 occasioni
780 978 997 1026 defuisse
1013 977 1274 1026 videretur.
1300 977 1461 1039 Igitur
1475 978 1707 1027 Ioannem
1731 976 1852 1026 Ber-

343 1061 572 1123 nadfium,
597 1076 743 1110 unum
763 1076 825 1109 ex
845 1061 1027 1109 intimis
1038 1060 1321 1109 secretariis
1344 1060 1496 1123 eligit,
1515 1075 1719 1123 eumque
1743 1075 1851 1109 cum

346 1143 534 1207 aliquot
559 1143 737 1191 scribis
765 1141 1125 1204 Cancellariae,
1153 1143 1379 1192 adiuncto
1407 1142 1453 1191 ei
1479 1142 1675 1204 collega
1689 1140 1851 1192 Geor-

343 1227 427 1290 gio
452 1226 602 1288 Racz,
631 1227 695 1274 ad
721 1226 1045 1276 Tartarorum
1071 1225 1308 1276 Chamum
1333 1225 1583 1290 proficisci
1607 1226 1757 1275 iubet.
1797 1226 1852 1275 Is

344 1309 463 1358 licet
488 1309 620 1359 haud
644 1309 911 1372 ignoraret,
953 1315 1133 1374 quanto
1174 1326 1281 1359 cum
1305 1310 1523 1375 periculo
1549 1310 1645 1359 iter
1672 1309 1852 1359 Tarta·

345 1393 498 1442 ricum
525 1393 607 1442 vix
633 1409 845 1457 unquam
871 1395 935 1443 ab
963 1395 1077 1443 aliis
1102 1399 1340 1443 tentatum
1357 1393 1578 1443 obiturus
1595 1399 1753 1443 esset:
1779 1398 1852 1442 ta-

341 1493 454 1526 men
480 1492 588 1527 cum
614 1478 844 1527 mandato
872 1493 1056 1527 morem
1081 1494 1258 1542 gerere
1285 1478 1502 1539 deberet,
1531 1478 1713 1541 legatis
1727 1477 1852 1527 Tar-

345 1561 516 1610 taricis
555 1561 812 1611 adiunctus
842 1562 1060 1626 primum
1096 1563 1148 1611 in
1176 1562 1573 1627 Transalpinam,
1612 1577 1726 1611 mox
1762 1576 1852 1626 per

346 1641 711 1707 Borysthenem
738 1644 802 1693 ad
816 1644 1059 1693 Tartaros
1085 1646 1323 1709 pervenit.
1360 1645 1440 1694 Ibi
1467 1661 1497 1694 a
1523 1645 1849 1694 Tartarorum

349 1724 537 1776 Chamo
563 1726 778 1790 benigne
807 1733 1055 1791 excethS,
1083 1743 1142 1776 ac
1168 1728 1382 1790 auditus,
1409 1728 1652 1777 adiunctis
1677 1741 1849 1777 rursus

348 1810 492 1859 novis
530 1809 712 1873 legatis
749 1826 917 1860 mense
953 1811 1148 1860 tandem
1188 1809 1322 1860 Maio
1349 1812 1516 1860 saluus
1540 1812 1591 1859 in
1617 1811 1853 1861 Transal-

345 1894 512 1959 pinam
548 1894 688 1943 redit.
740 1895 801 1943 Id
838 1910 984 1958 quum
1023 1893 1305 1959 Stephanus
1332 1894 1490 1943 Zuhai
1527 1898 1575 1943 et
1613 1895 1851 1944 Nicolaus

346 1978 555 2027 Istvanfi
583 1976 823 2027 Caesarei
858 1993 948 2042 per
973 1977 1393 2042 Transylvaniam
1417 1978 1574 2041 legati
1599 1978 1854 2041 cognovis-

348 2066 472 2124 sent,
496 2062 676 2126 partim
701 2067 754 2111 ut
779 2062 1070 2111 Michaelem
1099 2061 1375 2125 Vajvodam
1399 2061 1449 2109 in
1463 2061 1607 2111 fidem
1632 2077 1691 2111 ae
1705 2061 1853 2110 clien-

346 2145 499 2194 telam
513 2146 839 2209 Imperatoris
854 2144 1186 2195 Romanorum
1213 2145 1508 2209 acciperent,
1533 2145 1712 2209 partim
1735 2159 1852 2193 vero
1872 2202 1876 2204 λ

348 2233 402 2277 ut
427 2229 624 2291 legatos
646 2229 935 2278 Tartaricos
961 2229 1142 2277 ibidem
1163 2229 1462 2293 expedirent,
1489 2243 1551 2276 ne
1574 2228 1853 2291 frequentia

348 2311 540 2361 itineris
566 2312 783 2375 regionis
823 2312 968 2361 situm
1008 2313 1105 2361 sibi
1134 2312 1428 2362 familiarem
1465 2311 1540 2359 illi
1576 2311 1851 2371 redderent,

350 2395 402 2443 in
428 2394 812 2459 Transalpinam
849 2396 922 2444 ire
961 2400 1251 2445 statuerunt.
1304 2395 1463 2458 Igitur
1501 2399 1751 2459 assumpto
1778 2409 1851 2444 se-

352 2491 457 2526 cum
476 2475 702 2542 Caspare
719 2477 956 2548 Kornisio
983 2478 1089 2527 viro
1119 2477 1331 2542 supremi
1358 2476 1556 2538 ordinis,
1584 2492 1728 2540 quam
1740 2492 1853 2543 pos-

350 2565 464 2610 sunt
493 2561 747 2610 celerrime
772 2560 823 2609 in
849 2560 1231 2625 Transalpinam
1257 2559 1647 2624 proficiscuntur,
1685 2560 1850 2624 ibique

352 2632 844 2694 honorificentissime
871 2645 1073 2709 accepti,
1101 2644 1341 2709 praestito
1367 2645 1637 2693 iuramento
1662 2643 1846 2694 Palati-

351 2743 465 2777 num
492 2723 641 2777 certis
683 2716 1039 2777 conditionibus
1076 2728 1126 2775 in
1153 2727 1428 2777 clientelam
1456 2726 1690 2777 Caesaris
1733 2727 1852 2777 reci-

351 2811 505 2874 piunt.⁴
541 2812 734 2860 Deinde
773 2811 1014 2875 expeditis
1052 2810 1231 2874 legatis
1273 2811 1572 2872 Tartaricis,
1624 2811 1850 2861 adiuncto

354 2896 427 2943 eis
451 2910 622 2944 rursus
649 2896 833 2944 Ioanne
859 2894 1072 2944 Posonio
1113 2900 1162 2943 et
1187 2893 1409 2958 Georgio
1436 2894 1569 2943 Racz
1610 2910 1714 2944 cum
1753 2911 1850 2943 am-

351 2978 589 3043 plissimis
628 2993 713 3028 eos
751 2978 993 3029 mandatis
1032 2983 1177 3041 atque
1204 2979 1451 3028 donativis
1488 2979 1538 3027 in
1566 2978 1848 3027 Tartariam
