2112 3288
602 176 665 208 DE
690 177 800 209 ΗΕΒ.
830 177 942 209 VNG.
971 177 1081 210 DEC.
1111 178 1156 210 x.
1186 179 1229 211 L.
1255 179 1336 210 vn.
1515 201 1521 204 -
1628 168 1729 219 165

230 313 304 347 ¹ex
330 301 529 346 senatus
546 294 767 344 consulto
782 293 845 340 ad
860 293 1055 342 XVIII.
1086 293 1211 341 diem
1239 292 1427 357 Aprilis
1453 295 1730 346 Albam-lu-

240 381 352 432 liam
381 384 668 430 conventum
693 377 885 426 indixit.
916 378 983 425 Et
1008 390 1112 425 cum
1131 377 1361 426 mandato
1375 377 1620 443 Principis
1634 381 1728 429 fre—

238 464 543 530 quentissimi
561 462 780 513 Ordines
810 461 1177 521 confluxissent,
1204 462 1359 511 voluit
1372 461 1608 528 Princeps
1624 480 1727 514 cer-

236 550 300 600 tis
327 549 387 598 de
413 548 574 598 causis
601 546 855 597 consilium
882 546 930 594 in
969 545 1189 594 interiori
1227 561 1341 596 arce
1374 546 1561 596 haberi.
1587 548 1726 598 Post-

235 649 381 699 quam
406 633 556 697 igitur
581 632 649 681 ibi
689 646 976 688 convenere,
1003 630 1242 695 Princeps
1280 631 1432 680 misso
1473 630 1725 697 Stephano

234 720 419 771 Josika
443 719 606 784 capita
631 716 1000 767 deliberationis
1040 717 1208 766 ordine
1245 718 1515 782 proposuit,
1556 722 1604 767 et
1630 718 1725 768 col-

233 805 349 855 latis
375 803 630 854 sententiis
656 817 743 852 eos
769 801 830 851 de
855 803 1093 851 communi
1131 802 1306 862 salute,
1353 803 1601 867 rebusque
1628 820 1723 854 om-

232 890 378 940 nibus
415 888 479 938 ad
520 887 890 937 deliberandum
926 887 1213 952 propositis,
1260 888 1390 938 serio
1443 889 1724 939 consultare

230 974 388 1025 iussit.
418 972 633 1023 Ordines
658 971 980 1036 igiturRegni
1002 977 1119 1037 post
1145 972 1420 1022 diuturnam
1447 973 1723 1038 seriamque

230 1058 487 1108 multorum
513 1055 699 1106 dierum
726 1056 1148 1121 disceptationem,
1188 1057 1385 1106 tandem
1410 1058 1502 1107 hos
1548 1058 1721 1107 articu-

225 1143 303 1199 los
328 1142 526 1208 publico
554 1157 795 1192 consensu
822 1142 1063 1202 decretOS,
1092 1142 1156 1191 ad
1169 1141 1447 1207 Principem
1466 1143 1721 1205 miserunt,

228 1243 410 1292 eosque
450 1227 748 1277 authoritate
775 1227 878 1276 eius
906 1226 1264 1277 confirmandos
1291 1232 1539 1276 curarunt.
1569 1256 1634 1262 —
1663 1230 1721 1278 In

226 1312 287 1361 iis
312 1311 592 1374 intelligere
618 1326 673 1359 se
699 1310 938 1375 imprimis
953 1311 1103 1371 aiunt,
1120 1310 1402 1376 Principem
1416 1316 1530 1376 post
1542 1312 1720 1362 factam

225 1396 439 1446 unanimi
466 1395 1010 1445 consensuaBarbaris
1036 1396 1374 1458 defectionem,
1393 1412 1452 1445 ea
1477 1402 1575 1446 tum
1591 1397 1721 1459 solli,

225 1480 438 1531 citudine
463 1485 563 1529 tum
588 1495 706 1529 vero
745 1479 980 1528 felicitate
1021 1495 1186 1529 curam
1215 1480 1507 1531 Provinciae
1532 1482 1718 1545 egisse·

223 1570 277 1616 ut
299 1580 395 1615 non
422 1565 579 1615 solum
606 1579 714 1613 eam
740 1565 804 1612 ab
830 1564 1093 1614 hostilibus
1131 1564 1491 1616 incursionibus
1530 1570 1716 1615 sartam

221 1654 498 1713 tectamque
548 1639 877 1709 conservarit,
930 1649 1020 1698 sed
1070 1649 1215 1698 etiam
1267 1648 1473 1698 adiectis
1510 1650 1714 1715 imperio

223 1733 620 1799 Transylvaniae
659 1732 848 1783 duabus
887 1733 1168 1798 provinciis,
1203 1739 1356 1782 totam
1381 1732 1590 1783 Daciam
1616 1735 1713 1784 Dei

220 1817 458 1869 beneficio
483 1817 604 1867 iuris
632 1818 1018 1884 Transylvanici
1044 1818 1230 1868 fecerit.
1251 1817 1377 1879 Quin
1408 1823 1457 1867 et
1501 1819 1713 1884 inposte-

219 1919 325 1954 rum
350 1903 401 1952 in
425 1902 476 1951 id
501 1918 556 1952 se
584 1917 770 1953 summo
798 1902 961 1952 studio
978 1903 1203 1968 omnique
1222 1919 1375 1967 opera
1387 1904 1711 1954 incubiturum

219 1987 484 2054 promittat,
509 1992 563 2037 ut
587 1993 637 2037 et
675 2003 764 2037 suo
791 1987 967 2049 officie,
1005 1988 1054 2036 in
1094 2003 1187 2052 quo
1219 1988 1453 2038 divinitus
1481 1990 1709 2039 constitu-

220 2078 300 2123 tus
326 2077 474 2133 esset,
525 2077 574 2121 et
623 2072 819 2137 publico
847 2071 1046 2122 Patriae
1085 2072 1334 2121 commodo
1370 2073 1708 2124 satisfaceret:

220 2156 426 2223 proinde
451 2156 642 2220 gratias
669 2172 783 2206 sese
822 2158 931 2206 Deo
971 2157 1152 2222 optimo
1190 2157 1399 2207 maximo
1437 2173 1602 2221 agere,
1629 2158 1710 2222 qui

219 2246 386 2293 tantos
411 2241 461 2291 in
484 2242 731 2292 curandae
746 2241 948 2292 Patriae
975 2242 1134 2292 salute
1159 2257 1418 2292 successus
1443 2242 1712 2308 Principali

218 2326 470 2377 Maiestati
497 2325 700 2389 dederit,
728 2327 1031 2392 eundemque
1070 2343 1215 2377 orare
1252 2332 1305 2376 ut
1341 2342 1488 2392 porro
1516 2343 1709 2391 quoque

219 2426 386 2462 omnes
412 2411 517 2462 eius
543 2416 746 2461 conatus
773 2412 970 2476 dirigat,
986 2411 1224 2477 imprimis
1249 2411 1298 2460 in
1325 2411 1475 2460 divini
1500 2413 1708 2462 nominis

219 2496 440 2560 gloriam,
470 2496 642 2547 deinde
668 2497 718 2546 in
742 2496 943 2547 Patriae
990 2496 1253 2546 communis
1290 2497 1495 2545 salutem
1535 2503 1584 2546 et
1609 2513 1705 2546 am-

218 2579 575 2644 plificationem,
602 2586 853 2646 postremo
891 2583 940 2631 in
965 2587 1254 2647 perpetuam
1288 2581 1351 2630 ad
1378 2596 1565 2630 omnem
1590 2596 1703 2645 pos-

215 2665 461 2714 teritatem
485 2666 692 2716 nominis
717 2667 941 2731 ungarici
968 2666 1388 2726 existimationem,
1416 2666 1702 2715 internecio-

216 2763 422 2813 nemque
489 2750 822 2814 professorum
874 2751 1144 2802 Christiani
1207 2750 1414 2800 nominis
1476 2750 1700 2799 hostium.

217 2831 360 2892 Quod
385 2832 645 2883 sollicitam
665 2835 770 2885 eius
797 2852 918 2901 erga
944 2838 1152 2886 salutem
1178 2835 1377 2884 Patriae
1403 2849 1567 2883 curam
1594 2834 1699 2884 atti-

216 2921 344 2978 neat,
373 2917 496 2966 satis
523 2932 635 2967 sese
673 2934 781 2968 eam
806 2926 856 2969 et
881 2925 1026 2970 antea
1053 2923 1349 2984 compertam
1375 2917 1622 2979 habuisse,
1650 2924 1699 2968 et

217 2999 477 3052 etiamnum
517 3002 798 3067 comperire,
837 3004 1092 3068 Deumque
1130 3002 1339 3069 precari,
1380 3007 1433 3051 ut
1469 3002 1697 3068 imposte·
