2112 3288
463 202 565 252 268
988 218 1052 252 10.
1079 219 1211 252 DECII
1236 219 1433 253 BARovn

462 340 778 398 exaequaret.
816 334 1243 396 Respondentibus
1286 336 1582 399 purpuratis,
1629 337 1811 386 nullum
1839 352 1954 387 esse

459 423 559 467 tam
583 418 751 467 durum
778 423 827 467 et
851 418 1080 467 invictum
1103 434 1287 480 saxum,
1327 435 1387 467 ex
1414 434 1508 483 quo
1537 421 1751 483 quotidie
1771 420 1956 484 aliquid

459 501 619 550 decuti
646 505 871 564 nequeat,
900 498 1113 550 Caesar:
1150 502 1262 551 Non
1289 506 1365 550 est
1388 502 1553 565 igitur,
1579 502 1747 566 inquit,
1777 503 1948 567 despe-

458 585 686 645 randum,
728 585 982 648 quominus
1010 583 1169 647 Agria
1196 600 1388 648 quoque
1412 586 1669 650 potiamur.
1722 586 1837 635 Non
1862 586 1946 636 de·

459 683 572 717 esse
598 668 723 717 enim
751 668 846 717 sibi
873 684 966 717 nec
985 668 1350 727 multitudinem,
1378 685 1469 717 nec
1481 670 1826 729 instrumenta,
1854 669 1956 734 qui·

458 752 550 800 bus
578 751 892 801 fundamenta
919 751 1050 800 arcis
1075 751 1146 800 ita
1172 752 1482 809 subruantur,
1527 757 1576 800 et
1614 752 1956 812 suffodiantur,

457 840 509 883 ut
559 834 757 883 tandem
808 835 1000 883 moenia
1051 834 1155 884 eius
1207 850 1435 884 corruere
1490 850 1699 884 necesse
1738 835 1815 884 sit.
1877 836 1958 885 Ita

457 935 577 981 ergo
606 919 864 979 animatus,
901 919 970 968 ita
1006 923 1222 967 armatus
1251 917 1453 977 Caesar,
1495 919 1702 969 traiecto
1742 919 1805 967 ad
1830 919 1953 967 Eze-

457 1003 597 1051 chum
648 1002 904 1055 Danubio,
964 1000 1259 1065 Segedinum
1297 1002 1478 1066 prim0,
1524 1002 1637 1050 inde
1675 1001 1952 1052 Zolnokum

455 1084 682 1150 appulit,-
708 1090 757 1134 et
783 1085 988 1134 eundem
1027 1099 1168 1147 quem
1203 1084 1409 1133 diximus
1450 1085 1696 1134 Vezirium
1737 1085 1947 1134 Bassam

456 1170 519 1218 ad
545 1169 864 1220 obsidendam
891 1168 1098 1232 Agriam
1123 1169 1392 1232 praemisit,
1419 1171 1689 1234 paucisque
1713 1174 1828 1235 post
1852 1169 1951 1219 die·

459 1254 550 1301 bus
575 1253 683 1317 ipse
711 1266 902 1315 quoque
929 1268 1035 1300 cum
1079 1256 1181 1300 toto
1217 1253 1434 1301 exercitu
1460 1253 1604 1302 XXI.
1632 1252 1950 1317 Septembris,

453 1335 757 1396 aCziafferO,
787 1336 1016 1396 Ibraimo,
1045 1336 1250 1385 Hazono
1279 1341 1328 1385 et
1354 1333 1527 1385 Oicala
1540 1337 1717 1386 Bassis
1736 1335 1950 1386 Veziriis

452 1421 723 1481 comitatus,
775 1420 945 1468 eodem
970 1420 1221 1483 profectus
1257 1425 1344 1468 est.
1388 1419 1721 1469 Occurrerunt
1746 1424 1945 1469 strenue

454 1504 694 1552 Barbaris
735 1502 1022 1566 AgrienseS,
1075 1508 1124 1552 et
1177 1504 1506 1566 compluribus
1550 1495 1717 1554 eorum
1766 1504 1946 1568 partim

451 1588 624 1651 captis,
650 1587 830 1652 partim
849 1587 1138 1647 interfectis,
1166 1589 1228 1636 ab
1245 1587 1505 1650 ingruente
1525 1588 1723 1637 tandem
1738 1587 1942 1636 multitu-

450 1671 574 1730 dine,
600 1671 731 1719 intra
754 1670 947 1718 moenia
975 1671 1140 1734 oppidi
1166 1671 1356 1735 repulsi
1384 1677 1508 1720 sunt,
1539 1672 1597 1720 Id
1611 1686 1728 1720 vero
1743 1687 1850 1721 cum
1864 1686 1946 1719 ne-

451 1770 693 1818 quaquam
709 1754 902 1802 defendi
914 1769 1065 1818 posse
1081 1755 1433 1818 conspicerent,
1459 1755 1676 1804 incensis
1695 1759 1811 1819 post
1837 1770 1946 1805 sex-

451 1844 551 1886 tum
579 1838 959 1902 oppugnationis
987 1838 1128 1899 diem,
1158 1854 1282 1901 quae
1296 1839 1360 1887 ad
1374 1839 1786 1903 oppugnationem
1814 1840 1944 1888 arcis

445 1922 671 1971 hostibus
696 1922 953 1985 profutura
990 1921 1300 1980 videbantur,
1328 1926 1504 1985 sponte
1533 1922 1780 1982 deserunt,
1807 1939 1867 1972 ac
1892 1924 1942 1972 in

447 2020 608 2054 arcem
624 2021 678 2053 se
703 2005 956 2069 recipiunt.
986 2005 1226 2054 Praeerat
1241 2010 1356 2054 tunc
1381 2005 1485 2053 arci
1509 2005 1693 2054 Paulus
1720 2007 1941 2069 Nyarius

448 2088 696 2152 Vngarus,
723 2103 785 2136 ex
810 2088 992 2136 illustri
1005 2086 1195 2136 familia
1213 2093 1499 2151 prognatus,
1514 2088 1733 2152 nihilque
1748 2090 1943 2152 penitus

445 2172 700 2220 omittebat
726 2186 904 2231 eorum,
945 2186 1070 2234 quae
1112 2171 1445 2220 defensionem
1471 2173 1596 2221 tanti
1620 2173 1832 2236 talisque
1857 2190 1942 2238 pa-

444 2255 570 2303 triae
619 2255 976 2319 propugnaculi
1026 2255 1192 2304 facere
1244 2256 1539 2305 viderentur.
1610 2258 1786 2320 Itaque
1819 2257 1942 2305 mili-

444 2342 522 2385 tes
563 2353 730 2386 omnes
770 2342 1023 2397 convocat,
1064 2343 1113 2386 et
1151 2338 1281 2398 datO,
1322 2343 1620 2402 acceptoque
1656 2339 1770 2387 fidei
1808 2340 1940 2389 iura-

448 2426 623 2481 mentO,
654 2421 716 2469 ad
742 2421 1148 2484 propugnandam
1187 2422 1311 2470 tanti
1337 2422 1565 2471 momenti
1591 2437 1755 2470 arcem
1780 2423 1943 2472 horta-

443 2510 546 2565 tur3
573 2518 685 2552 mox
712 2503 869 2562 diviso
895 2503 1159 2566 praesidiO,
1197 2504 1457 2567 unicuique
1497 2520 1634 2553 suam
1678 2505 1940 2555 stationem

444 2587 671 2650 destinat,
723 2591 773 2635 et
805 2586 922 2650 quid
959 2586 1167 2646 singulis
1210 2587 1273 2635 sit
1300 2588 1556 2649 agendum,
1590 2588 1682 2636 rite
1709 2588 1935 2653 disponit.

444 2673 560 2735 Ipse
600 2686 704 2741 cum
732 2668 931 2719 Andrea
956 2671 1176 2731 Barcsai,
1218 2670 1464 2720 Terczkio
1494 2687 1552 2720 ac
1577 2672 1812 2732 ThurniO,
1862 2688 1938 2721 ce-

443 2754 660 2818 terisque
679 2754 966 2818 proceribus
992 2755 1175 2803 nullum
1202 2759 1385 2803 certum
1412 2757 1570 2804 locum
1586 2757 1682 2805 sibi
1696 2757 1940 2819 assignat,

443 2824 531 2887 sed
556 2839 605 2886 in
633 2854 800 2887 omnes
827 2837 1111 2887 occasiones
1126 2838 1354 2898 intentus,
1383 2840 1498 2902 quid
1519 2840 1692 2903 cuique
1708 2840 1772 2888 sit
1786 2854 1931 2902 agen-

445 2921 569 2981 dum,
608 2926 806 2970 strenue
844 2921 1082 2985 providet.
1122 2919 1221 2969 Sed
1259 2926 1399 2970 tanta
1430 2923 1520 2971 fuit
1547 2922 1821 2971 Turcarum
1858 2938 1935 2970 ra-

442 3004 563 3066 bies,
589 3009 641 3054 ut
666 3020 771 3055 cum
786 3004 935 3055 fessis
959 3009 1182 3055 recentes
1209 3006 1542 3069 succederent,
1569 3010 1617 3055 et
1630 3006 1928 3071 oppugnatio
