2112 3288
574 212 639 245 m:
664 213 772 247 REB.
798 212 911 247 VNG.
940 213 1050 245 nnc.
1091 213 1156 247 x1.
1183 214 1226 246 L.
1256 215 1289 246 1.
1487 199 1495 202 “
1612 202 1715 252 299

216 330 416 382 Erasmi
451 327 794 379 Rotterodami
853 327 1115 391 disciplina
1166 329 1357 391 clarus,
1405 330 1567 380 triduo
1605 337 1719 396 post

215 414 515 480 reliquorum
541 412 817 472 adventum,
857 427 929 472 ea,
972 426 1117 474 quam
1145 411 1373 470 diximus,
1413 414 1605 464 ratione
1632 432 1718 480 ap·

213 497 351 564 pulit.
401 496 470 546 Hi
508 496 556 545 in
598 497 761 546 aulam
800 495 864 544 ad
889 494 1183 560 Principem·
1211 496 1471 560 magnifice
1511 497 1719 558 deducti,

213 596 319 631 rem
344 596 534 632 omnem
560 584 754 630 secreto
772 584 1083 645 aperuerunt,
1111 580 1560 645 clanculariamque
1589 580 1718 631 Oan-

215 664 409 716 cellarii
434 664 805 729 suggestionem
844 668 1045 713 ostenso
1084 663 1192 713 eius
1220 663 1554 730 chirographo
1582 665 1721 729 liqui-

217 749 326 800 dius
343 748 751 799 demonstrarunt.
780 746 1128 798 Subolfecerat
1140 764 1243 798 rem
1257 749 1292 799 J
1296 748 1456 810 osika,
1470 754 1722 814 totamque

217 849 326 884 eam
351 838 544 884 noctem
569 834 842 882 insomnem
866 848 990 898 prae
1017 832 1350 883 sollicitudine
1375 833 1723 897 transigendo:

215 918 488 981 fugeretne,
514 933 576 966 an
601 918 929 982 permaneret,
957 916 1038 966 diu
1064 916 1365 981 multumque
1393 932 1557 966 secum
1585 918 1725 967 anxi-

217 1017 245 1052 e
271 1001 605 1065 disquisierat.
643 1002 762 1050 Mox
787 1005 931 1049 nocte
958 1000 1119 1049 adhuc
1145 1000 1444 1065 intempesta
1470 1004 1618 1066 porta
1643 1016 1720 1050 ur-

217 1085 298 1135 bis
324 1100 578 1150 egressus,
625 1085 753 1134 inter
791 1100 930 1149 spem
969 1101 1027 1134 ac
1054 1090 1234 1134 metum
1263 1085 1344 1134 diu
1368 1085 1722 1135 haesitaverat.

218 1169 444 1219 Tandem
471 1169 697 1218 vincente
723 1174 904 1218 metum
933 1184 1021 1234 spe
1050 1170 1530 1230 animum-obfirmat,
1558 1186 1618 1219 ac
1631 1186 1726 1218 ma-

214 1257 325 1303 ture
351 1253 617 1302 salutatum
643 1251 923 1317 Principem
962 1253 1013 1300 in
1039 1253 1279 1317 palatium
1319 1253 1525 1302 interius
1563 1254 1725 1317 ingre-

216 1336 358 1386 ditur.
385 1335 675 1385 Iniunxerat
699 1335 796 1384 iam
824 1340 1017 1385 secreto
1032 1334 1272 1401 Princeps
1288 1335 1542 1402 Stephano
1571 1337 1725 1387 Bocz-

216 1418 364 1481 kaie,
403 1424 457 1468 ut
501 1419 708 1468 simulac
745 1417 1047 1484 Stephanum
1085 1420 1250 1470 Lazar
1300 1420 1725 1486 praetorianorum

217 1502 530 1553 Praefectum
555 1502 734 1552 viderit
761 1502 826 1552 ad
841 1519 895 1552 se
909 1503 1284 1567 ingredientem,
1313 1504 1570 1553 confestim
1598 1503 1725 1554 Gan-

218 1587 472 1641 cellarium
512 1587 865 1652 comprehendi
901 1588 1107 1637 iuberet.
1148 1586 1249 1637 Sed
1275 1592 1324 1637 et
1348 1587 1558 1637 tribunis
1584 1604 1727 1653 prae-

216 1671 520 1722 torianorum
545 1670 611 1720 ad
636 1686 691 1720 se
720 1672 928 1721 seorsim
957 1671 1129 1721 accitis
1168 1671 1487 1720 severissime
1513 1672 1726 1732 mandat,

219 1759 274 1805 ut
301 1770 637 1819 quemcunque
659 1755 943 1804 Boczkaius
982 1754 1334 1819 comprehendi
1358 1755 1574 1819 iusserit,
1603 1771 1725 1816 eum,

223 1839 448 1904 quisquis
473 1839 518 1887 is
543 1839 706 1901 fuerit,
733 1839 867 1889 illico
893 1839 1125 1889 vinciant.
1155 1841 1235 1889 Ita
1260 1838 1470 1889 tribunis
1496 1839 1547 1888 in
1566 1838 1726 1904 'prae-

218 1922 396 1973 torium
434 1922 696 1986 ingressis,
735 1923 1045 1973 Boczkaius:
1097 1921 1522 1988 comprehendite,
1559 1923 1730 1987 inquit,

217 2006 347 2056 hunc
359 2007 676 2072 proditorem,
705 2023 861 2072 eoque
876 2008 1022 2057 simul
1037 2008 1166 2057 dicto
1190 2006 1552 2056 Cancellarium
1567 2011 1729 2055 osten-

219 2089 302 2139 dit.
353 2089 514 2151 Quum
551 2091 595 2140 is
635 2096 766 2141 metu
792 2092 1100 2141 exanimatus
1128 2105 1328 2140 causam
1354 2090 1428 2139 rei
1454 2095 1730 2154 quaereret,

219 2188 430 2238 seseque
467 2179 732 2238 purgaret,
784 2175 1001 2224 ostendit
1052 2174 1098 2223 ei
1136 2173 1419 2222 Boczkaius
1471 2171 1730 2236 chirogra-

214 2258 381 2324 phum,
409 2272 506 2321 quo
522 2255 791 2308 Gaesarem
818 2259 1091 2323 proditorie
1120 2259 1486 2307 submonuerat.
1514 2258 1591 2307 Ita
1609 2273 1729 2325 ‘cap-

217 2347 312 2404 tus,
339 2357 398 2391 ac
422 2341 472 2390 in
498 2341 632 2391 aliud
659 2343 895 2407 conclave
921 2343 1107 2403 ductus,
1136 2346 1185 2391 et
1211 2342 1261 2390 in
1286 2342 1500 2390 ferream
1534 2356 1726 2405 compe-

220 2424 329 2474 dem
367 2429 443 2474 est
480 2423 572 2474 IV.
601 2425 679 2474 die
705 2425 896 2490 Aprilis
924 2429 1223 2491 compactus.
1266 2424 1456 2474 Domus
1485 2423 1590 2474 eius
1618 2439 1728 2474 con-

218 2507 382 2558 festim
419 2513 497 2557 est
538 2515 791 2574 occupata,
831 2525 973 2560 arces
1011 2510 1062 2558 in
1099 2509 1271 2558 fiscum
1309 2508 1558 2569 redactae,
1597 2509 1729 2557 bona

221 2591 384 2641 omnia
421 2590 665 2657 adempta,
718 2610 842 2658 quae
883 2595 1051 2658 quanti
1087 2593 1270 2642 fuerint
1306 2591 1629 2653 aestimanda,
1668 2606 1730 2640 ne

219 2675 365 2725 facile
394 2674 587 2738 quidem
602 2676 811 2727 iudicari
838 2683 1017 2743 potest.
1045 2676 1351 2727 Substitutus
1380 2676 1426 2724 ei
1442 2674 1580 2724 estin
1596 2672 1727 2724 Can-

222 2757 482 2809 cellariatu
519 2759 814 2810 authoritate
853 2762 1101 2827 Principis
1148 2766 1294 2824 atque
1322 2757 1728 2808 Consiliariorum

221 2841 504 2892 Demetrius
544 2842 832 2908 Napragius
871 2846 1180 2910 Episcopus,
1222 2844 1300 2891 vir
1340 2842 1628 2904 eruditione,
1669 2858 1729 2893 ac

221 2940 384 2979 rerum
409 2941 513 2986 usu,
542 2927 763 2990 miraque
790 2912 1018 2979 comitate
1046 2945 1230 2979 morum
1259 2927 1524 2980 excellens,
1547 2951 1550 2954 ·

833 3081 945 3086 ————
952 3083 1116 3090 ——-2<——-·e
