2112 3288
447 182 545 237 146
847 204 849 207 ·
1012 199 1074 233 1o.
1101 199 1234 233 Dncn
1259 199 1456 234 BARovn

882 404 1111 470 oAPvu'*
1152 419 1490 481 QVINTVM.

476 551 551 598 De
582 550 902 598 Tartarorum
939 551 1292 614 hybernatione.
1319 553 1721 601 Varadinensium
1748 551 1898 602 clade.

581 683 848 745 Ing-ruente
873 682 1062 747 hyeme,
1091 697 1217 745 quae
1242 687 1347 731 tota
1372 683 1533 732 insani
1571 684 1773 747 frigoris
1809 683 1949 739 acri—'

442 765 617 826 monia,
655 765 933 828 niviumque
972 765 1307 828 magnitudine
1345 781 1470 830 pene
1511 766 1730 817 inaudita
1763 766 1932 817 desae-

439 847 554 909 viit;
582 863 642 897 ne
670 849 978 897 occasionem
1004 849 1077 897 rei
1103 850 1227 897 bene
1253 849 1503 912 gerendae
1543 850 1680 898 taciti
1715 854 1934 914 praeter-

441 931 633 979 mittere
659 931 965 991 viderentur,
993 931 1163 981 Aaron
1190 938 1337 996 atque
1364 933 1578 982 Michael
1603 948 1699 982 non
1726 933 1934 997 exiguas

439 1019 644 1078 uterque
671 1018 841 1080 copias
868 1021 1230 1076 contraxerunt,
1258 1022 1306 1065 et
1345 1017 1684 1066 selectissimis
1723 1034 1752 1066 a
1778 1016 1933 1080 Sigis-

441 1099 617 1148 mundo
644 1099 874 1163 Principe
900 1099 1134 1149 militibus
1161 1100 1305 1163 aucti,
1332 1099 1538 1149 hostiles
1566 1102 1775 1151 ditiones
1800 1102 1934 1150 ferro

443 1189 490 1232 et
527 1178 587 1244 ⁵⁰)
614 1181 810 1230 flamma
835 1188 1036 1231 vastare
1063 1188 1350 1232 statuerunt.
1379 1185 1551 1247 Itaque
1578 1182 1748 1233 Aaron
1771 1185 1934 1248 bipar-

440 1266 558 1314 titas
585 1264 756 1328 copias
781 1263 846 1324 5¹)
885 1265 935 1312 in
985 1265 1226 1315 hosticum
1259 1267 1442 1316 ducens
1483 1264 1572 1331 ⁵²),
1601 1267 1933 1332 Tegeninam‚

441 1346 776 1408 Killieninam‚
803 1346 1052 1397 veteribus
1069 1348 1340 1398 Achilleam
1371 1347 1453 1410 ⁵⁵),
1471 1355 1519 1398 et
1533 1350 1711 1399 Albam
1738 1350 1936 1411 Nezter,

443 1448 501 1481 ac
528 1430 763 1495 quidquid
790 1430 860 1479 cis
888 1438 936 1480 et
961 1432 1092 1481 ultra
1117 1433 1397 1482 Danubium
1425 1439 1514 1495 est,
1556 1435 1702 1497 longe
1740 1433 1935 1498 lateque

443 1515 655 1580 diripuit,
685 1515 941 1578 caesisque
980 1532 1125 1580 quam
1162 1517 1386 1580 plurimis
1415 1517 1595 1567 Turcis
1635 1521 1781 1581 atque
1813 1516 1935 1565 Tar-

441 1599 580 1658 tar-is,
609 1613 714 1646 cum
741 1598 995 1646 tormentis
1021 1598 1288 1647 maioribus
1329 1599 1602 1660 destitutus,
1641 1586 1936 1664 temporum-

444 1698 537 1746 que
563 1681 818 1744 iniquitate
846 1681 1106 1745 impeditus
1134 1683 1354 1731 castellis
1379 1684 1525 1747 potiri
1552 1699 1649 1732 non
1674 1683 1932 1747 potuisset²

447 1781 553 1814 cum
571 1765 759 1827 ingenti
787 1765 972 1828 praeda
988 1765 1177 1813 domum
1191 1766 1362 1835 paucis
1378 1768 1570 1815 omnino
1585 1782 1781 1816 suorum
1794 1766 1938 1815 amis-

445 1851 515 1898 sis
541 1863 652 1898 sese
679 1848 867 1913 recepit
904 1847 984 1908 ⁵⁴).
1023 1848 1211 1897 Eodem
1239 1865 1484 1911 successu,
1502 1851 1590 1899 sed
1605 1851 1751 1913 longe
1765 1849 1941 1911 maiori

447 1933 718 1991 alacritate)
758 1938 806 1980 et
847 1932 1061 1980 Michael
1099 1932 1356 1982 Palatinus
1383 1950 1485 1982 rem
1524 1935 1573 1982 in
1601 1932 1936 1997 Transalpina

443 2017 601 2079 gessit
637 2013 718 2074 ⁵⁵).
770 2015 1021 2064 Reversus
1060 2016 1186 2064 enim
1226 2032 1286 2065 ex
1325 2018 1599 2066 laurinensi
1626 2016 1935 2079 expeditione

593 2153 637 2196 50>
669 2154 778 2189 Kov.:
808 2156 922 2200 atque

589 2212 634 2258 ⁵¹)
662 2214 746 2258 qu.
766 2214 835 2247 cod.
850 2213 890 2249 ds
906 2214 994 2248 Kov.
1014 2213 1207 2261 bipartitis
1241 2216 1372 2263 copiis,

587 2272 629 2316 ⁵²)
656 2274 741 2317 qu.
760 2273 831 2307 cod.
853 2288 860 2309 :
884 2272 1028 2309 ducent

588 2331 632 2377 ⁵³)
659 2331 831 2367 Koa-nal
844 2330 1029 2378 hisinyzik
1049 2345 1069 2369 e
1088 2333 1155 2370 ket
1173 2336 1238 2370 szo
1254 2347 1261 2368 :
1280 2334 1469 2371 veteribus
1484 2333 1711 2378 Achilleam‚

590 2390 637 2434 ⁵⁴)
657 2392 745 2425 Kov.
776 2404 784 2426 :
813 2391 964 2428 domum
989 2404 1071 2428 sese
1096 2395 1231 2439 paucis
1249 2394 1319 2430 stb.

592 2449 634 2495 ⁵⁵)
662 2450 720 2485 Az
763 2450 811 2485 itt
853 2451 1096 2487 kovetkezb'k
1123 2451 1272 2498 helyett
1298 2451 1471 2488 Koa-nal
1498 2451 1592 2488 ezek
1620 2450 1801 2488 allanak:
1827 2450 1937 2487 Post-

445 2521 558 2557 quam
587 2509 687 2544 enim
713 2508 889 2555 ingentes
917 2510 1226 2555 voluntariorum,
1271 2522 1315 2546 ex
1356 2509 1526 2556 Vngaria
1578 2512 1617 2546 et
1649 2508 1936 2555 Transylvania

445 2569 604 2604 militum
632 2567 763 2613 copias
790 2558 1022 2614 collegisset,
1051 2569 1234 2616 imprimis
1251 2567 1502 2616 Girgioviam,
1529 2580 1615 2604 mox
1633 2567 1933 2610 Orozczikinum,

444 2628 692 2664 Drezlovium
723 2626 829 2668 item,
848 2630 886 2662 et
905 2627 1101 2673 complura
1128 2629 1205 2664 alia
1224 2628 1367 2674 oppida
1395 2628 1570 2672 Turcica,
1610 2629 1717 2673 citra,
1757 2629 1935 2674 ultraque

442 2687 659 2723 Danubium
687 2686 773 2731 sita,
803 2686 924 2722 caesis
951 2687 1238 2733 quamplurimis
1250 2687 1516 2733 Barbarorum‚
1535 2691 1574 2724 et
1587 2699 1664 2724 non
1679 2688 1812 2733 paucis
1832 2698 1935 2723 man-

444 2747 629 2792 cipiorum
654 2744 960 2781 'Christianorum
998 2746 1036 2780 in
1074 2747 1271 2791 pristinam
1297 2747 1513 2783 libertatem
1553 2746 1722 2791 assertis,
1748 2746 1848 2783 ferro
1875 2751 1932 2783 at-

444 2817 524 2852 que·
540 2806 693 2841 flamma
737 2805 955 2845 consumsit,
990 2805 1264 2852 ingentemque
1292 2806 1413 2841 omnis
1452 2806 1606 2853 generis
1631 2807 1816 2852 praedam
1843 2805 1931 2841 inde

443 2866 666 2911 reportavit.
687 2866 747 2900 Ita
774 2865 938 2901 vastatis
963 2865 1165 2902 hostilibus
1192 2866 1486 2912 circumquaque
1526 2865 1749 2911 ditionibus,
1782 2865 1872 2900 felix
1899 2865 1931 2900 si

443 2925 541 2970 finis,
571 2925 672 2969 quod
699 2924 904 2969 optandum
933 2928 1002 2970 est,
1031 2925 1217 2970 principio
1260 2926 1509 2971 responderit,
1550 2925 1668 2962 futuri
1706 2924 1801 2960 'belli
1831 2935 1932 2960 exor-

437 2985 543 3021 dium
562 2983 697 3021 fecere.
