2112 3288
550 218 615 251 nn
639 217 745 250 ΒΕΒ.
771 216 883 251 VNG.
914 216 1021 250 nnc,
1049 217 1094 250 X.
1121 218 1165 250 L.
1191 218 1255 252 IX.
1503 201 1511 205 ’
1555 207 1657 258 209
1696 213 1700 218 ’

169 344 260 402 set,
284 337 523 400 Princeps
547 334 598 382 in
621 333 749 381 hanc
773 331 1064 381 sententiam
1094 334 1357 397 postulatis
1385 333 1658 388 Siculorum

171 421 362 473 annuit:
393 417 633 478 Tametsi,
671 416 841 482 inquit,
867 416 1151 481 praeteritis
1178 419 1480 483 temporibus
1507 422 1663 472 maior

123 518 127 522 ·
165 520 284 572 pars
308 501 550 554 Siculicae
588 500 801 551 nationis
828 498 959 550 haud
984 501 1084 550 levi
1111 500 1171 551 de
1211 516 1363 553 causa
1388 503 1452 552 ad
1492 505 1661 569 plebe-

165 590 263 644 iam
288 587 618 639 conditionem
642 586 847 635 reducta
860 576 1106 650 fuerit,'se
1126 591 1291 636 tamen
1316 593 1464 650 grata
1484 605 1661 641 memO‹

157 674 235 725 ria
258 674 479 743 recolere
503 670 670 722 fidelia
696 675 1068 737 opportunaque
1108 672 1350 737 obsequia
1385 672 1660 725 Siculorum

165 759 354 810 sedium
381 755 568 819 Maros,
611 755 920 820 Udvarhely,
959 754 1096 818 Csik,
1125 754 1401 823 Gyergyio,
1440 759 1660 822 Kaszon,

161 843 350 911 Szepsi,
378 842 555 904 Kezdi,
584 840 760 905 Orbaj‚
787 856 912 906 quae
936 840 1011 890 illi
1035 841 1275 906 proximis
1314 842 1393 892 his
1433 845 1661 908 tempori-

158 929 252 980 bus
287 928 340 978 in
377 925 650 990 asserenda
687 925 933 990 Principis
985 925 1224 990 dignitate
1272 927 1659 992 praestitissent.

156 1011 391 1079 Experiri
416 1027 472 1062 se
497 1011 645 1061 etiam
669 1009 719 1059 in
744 1010 1138 1075 praesentiarum
1164 1010 1470 1073 singularem
1489 1029 1660 1063 eorun-

158 1097 267 1147 dem
298 1097 350 1146 in
386 1095 604 1158 gerendo
643 1099 816 1144 contra
842 1096 1111 1160 professos
1148 1094 1428 1147 Christiani
1448 1098 1661 1147 nominis

154 1182 327 1234 hostes
375 1179 509 1230 bello
558 1177 988 1245 promptitudinem
1037 1185 1085 1229 et
1142 1181 1461 1244 alacritatem,
1515 1197 1660 1247 quam

159 1268 305 1319 etiam
344 1268 521 1330 sponte
548 1263 860 1314 obtulissent.
888 1263 969 1312 Ad
993 1263 1119 1314 haec
1145 1266 1460 1316 considerare
1486 1250 1563 1315 'se
1613 1271 1662 1315 et

160 1352 271 1413 hoc,
299 1349 430 1416 quod
455 1347 610 1399 Siculi
636 1349 700 1397 ab
728 1348 938 1409 Hunnis,
966 1349 1317 1400 vetustissimis
1343 1351 1659 1414 Vngarorum

155 1435 575 1503 progenitoribus,
605 1433 844 1497 originem
869 1433 1139 1496 traherent,
1167 1451 1226 1484 ac
1241 1436 1449 1501 proinde
1463 1434 1659 1486 bellicis

153 1520 322 1588 potius
342 1519 616 1580 laboribus,
645 1534 790 1582 quam
815 1517 1026 1583 plebeiis
1066 1518 1285 1569 servitiis
1317 1520 1484 1570 idonei
1521 1518 1655 1567 vide-

152 1610 335 1657 rentur.
364 1603 460 1654 His
485 1603 638 1667 igitur
664 1617 720 1652 se
747 1602 913 1652 causis
941 1603 1202 1654 adductum
1227 1605 1490 1655 universos
1519 1603 1655 1654 Sicu-

152 1691 232 1742 los
254 1689 619 1757 praedictarum
644 1687 846 1747 sedium,
886 1688 968 1753 qui
994 1687 1233 1739 hactenus
1259 1691 1444 1755 plebeii
1471 1692 1657 1743 ordinis

147 1776 372 1838 fuissent,
398 1774 577 1841 quique
602 1773 715 1823 huic
739 1773 871 1822 bello
897 1773 1193 1837 interfuturi,
1222 1773 1514 1841 fidelemque
1539 1784 1652 1843 pat—

148 1853 254 1912 riae
291 1876 493 1927 operam
528 1859 757 1909 navaturi
793 1865 973 1919 essent,
1026 1876 1088 1909 ex
1132 1860 1302 1911 ordine
1339 1863 1535 1926 plebeio
1574 1863 1652 1914 his

158 1945 521 1997 conditionibus
547 1945 789 1994 eximere:
831 1942 876 1992 1.
902 1945 972 1995 Vt
998 1945 1182 2008 singuli
1210 1961 1377 1995 eorum
1403 1947 1469 1996 ad
1495 1948 1660 1998 obedi-

155 2031 339 2081 entiam
377 2029 594 2079 debitam
617 2029 851 2094 Principi,
890 2017 1224 2094 legitimisque
1264 2046 1430 2081 eorum
1462 2047 1657 2083 succes-

158 2115 354 2166 soribus
390 2113 756 2179 praestandam,
806 2114 1058 2178 personali
1107 2114 1379 2165 iuramento
1432 2118 1659 2168 obstricti

157 2200 268 2250 sint.
297 2199 343 2248 2.
370 2198 441 2248 Vt
465 2197 655 2247 ratione
681 2198 988 2263 singularum
1013 2198 1264 2270 domorum
1291 2214 1487 2251 suarum
1516 2208 1653 2267 quot·
1708 2224 1712 2233 =

156 2283 299 2334 annis
325 2282 390 2332 ad
412 2282 594 2332 festum
620 2279 669 2331 S.
700 2279 910 2346 Georgii
946 2283 996 2331 in
1020 2282 1191 2332 fiscum
1217 2282 1464 2350 Principis
1491 2287 1655 2352 singu-

152 2370 230 2419 los
253 2368 470 2418 florenos
496 2366 820 2429 contribuere,
855 2372 906 2416 et
930 2367 994 2417 ad
1019 2368 1199 2417 festum
1225 2369 1437 2419 omnium
1464 2377 1654 2423 sancto-

149 2469 258 2504 rum
281 2452 506 2516 singulos
533 2451 686 2501 tritici
713 2459 762 2501 et
798 2451 1003 2502 totidem
1041 2469 1230 2503 avenae
1270 2455 1476 2505 cubulos
1503 2458 1653 2507 maio-

153 2553 250 2600 res,
292 2537 600 2602 mediumque
627 2537 853 2587 eubulum
879 2539 1056 2588 braces
1079 2536 1169 2604 (ita
1183 2539 1281 2604 ipsi
1294 2545 1471 2589 vocant
1505 2547 1655 2592 mate-

150 2623 274 2672 riam
322 2618 614 2687 cerevisiae)
673 2623 870 2673 soluere
920 2628 1193 2676 teneantur.
1233 2623 1280 2673 3.
1323 2623 1405 2672 Ad
1430 2625 1554 2674 haec
1602 2626 1652 2673 in

150 2705 591 2757 contributionibus
639 2706 757 2756 item
807 2708 1212 2759 extraordinariis
1261 2709 1461 2774 publica
1487 2709 1652 2773 Regni

150 2790 447 2842 Constitutio
473 2790 618 2839 etiam
644 2791 771 2841 inter
806 2808 892 2843 eos
920 2794 1226 2844 observetur.
1267 2792 1540 2842 Praeterea
1577 2810 1654 2843 ar-

149 2892 234 2927 ces
259 2881 427 2926 sartae
452 2880 709 2941 tectaeque
724 2884 953 2929 maneant
976 2880 1105 2929 inter
1123 2894 1224 2940 eoS,
1252 2878 1542 2941 nobilesque
1569 2878 1652 2928 do-

148 2975 254 3011 mos
279 2976 412 3022 suas,
436 2975 534 3010 una
559 2975 667 3009 cum
693 2960 890 3012 allodiis
916 2979 975 3012 ac
1012 2962 1214 3027 reliquis
1255 2961 1477 3011 omnibus
1504 2962 1649 3013 bonis

151 3046 259 3107 soli,
286 3060 413 3110 quae
439 3044 536 3109 ipsi
560 3042 804 3095 industria
828 3047 1098 3111 pecuniave
1135 3062 1225 3095 sua
1265 3053 1649 3110 comparassent,

196 3137 347 3165 MONVM.
369 3136 489 3164 HVNG.
510 3137 604 3163 HIST
641 3151 673 3155 —
694 3137 944 3165 SCRIPTORES.
965 3140 1056 3166 XVIIv
1455 3142 1510 3182 14
