2112 3288
426 154 524 203 168
951 168 1014 200 10.
1043 166 1175 199 DEon
1204 167 1403 200 BAnovn

422 300 476 333 se
514 300 593 334 res
630 285 859 343 haberet,
898 290 1040 348 prout
1079 283 1137 332 de
1166 283 1458 333 Proceribus
1484 283 1594 331 istis
1622 283 1898 345 significata

421 369 594 424 fuerat,
621 366 903 416 Alba-Iulia
929 367 1233 416 Kiivarinum
1273 365 1575 425 discessisse,
1615 354 1777 429 ibique
1815 366 1899 414 ali—

419 451 644 517 quamdiu
672 455 1015 500 commoratum
1040 451 1207 498 fuisse.
1246 450 1304 498 Id
1334 450 1417 498 ubi
1455 450 1787 499 coniuratores
1825 449 1899 500 illi

420 536 742 600 accepissent7
768 535 971 598 reliquis
1010 534 1112 583 suis
1152 533 1585 582 machinationibus
1623 534 1716 582 hoc
1754 533 1898 583 etiam

420 620 676 678 adiecisse,
714 624 767 668 ut
793 619 1018 682 quoniam
1043 618 1319 682 Principem
1333 618 1513 666 finibus
1540 618 1699 680 Regni
1720 632 1898 681 nequa-

422 718 564 767 quam
593 702 868 751 excessisse
889 738 900 762 ,
924 707 977 751 ut
1002 702 1099 766 ipsi
1125 702 1276 751 moliti
1300 702 1511 761 fuerant,
1531 706 1790 762 constaret,
1816 700 1920 749 sed·

420 787 564 835 etiam
587 786 872 849 peculiares,
894 786 1315 848 clanculariasque
1338 785 1691 833 deliberatione
1718 784 1899 848 sagita—

421 870 597 933 verint3
613 870 810 919 adhaec
824 870 1077 918 castellum
1093 869 1390 918 Facziadum
1405 883 1608 932 quoque,
1623 869 1751 931 quod
1765 868 1900 917 diffu-

427 954 672 1016 gientibus
697 954 810 1003 inde
834 954 1072 1002 Barbaris
1098 953 1300 1017 imperio
1328 953 1720 1016 Transylvanico
1747 952 1900 1017 appli-

423 1041 580 1086 catum
604 1037 794 1096 fuisset,
822 1038 912 1085 sub
939 1037 1031 1085 has
1058 1037 1331 1085 molitiones
1368 1036 1418 1083 in
1455 1034 1700 1099 publicam
1737 1036 1898 1100 perni-

422 1120 545 1169 ciem
583 1124 757 1184 sponte
796 1120 973 1168 Turcis
1014 1120 1288 1169 dedissent:
1328 1119 1404 1167 his
1441 1119 1589 1181 igitur
1628 1120 1775 1169 rebus
1799 1125 1900 1169 tam

422 1203 576 1263 novis,
615 1207 810 1266 tamque
847 1207 1045 1267 praeter
1084 1204 1160 1251 fas
1200 1207 1249 1251 et
1286 1217 1489 1265 aequum
1530 1203 1687 1265 gestis
1722 1206 1901 1252 motum

422 1286 698 1350 Principem
712 1287 1107 1350 praenominatos
1124 1285 1475 1334 coniurationis
1498 1287 1764 1350 populares
1778 1282 1896 1334 deti-

419 1370 599 1431 nuisse,
626 1375 674 1419 et
698 1370 884 1419 meritis
910 1370 1080 1434 poenis
1109 1386 1170 1419 ex
1207 1369 1512 1434 praescripto
1553 1369 1705 1432 Legis
1743 1369 1898 1419 Iuliae

420 1461 614 1518 tamque
676 1455 847 1503 laesae
898 1454 1176 1503 Maiestatis
1226 1469 1339 1503 reos
1392 1453 1617 1503 affecisse
1639 1470 1650 1501 τ
1698 1453 1905 1518 proinde.

422 1554 565 1588 orare
591 1536 804 1587 Ordines
818 1538 995 1600 Regni,
1009 1542 1062 1586 ut
1075 1538 1271 1602 publico
1297 1552 1384 1586 suo
1409 1537 1586 1586 iudicio
1611 1552 1707 1586 non
1729 1553 1902 1600 grava-

422 1627 589 1672 rentur
613 1622 795 1671 factum
820 1623 913 1671 hoc
938 1623 1086 1685 longe
1110 1621 1427 1670 iustissimum
1443 1622 1776 1685 comprobare.
1803 1620 1901 1670 Pro

423 1706 595 1771 quibus
623 1707 843 1756 omnibus
871 1705 1082 1755 Ordines
1107 1706 1269 1768 Regni
1306 1705 1540 1769 imprimis
1575 1705 1765 1769 gratias
1791 1705 1900 1754 Deo

427 1789 624 1855 Optimo
651 1790 865 1838 Maximo
893 1795 1056 1853 agunt,
1085 1789 1213 1853 quod
1239 1789 1564 1853 Principalem
1593 1786 1901 1838 Maiestatem

421 1874 549 1923 iuter
575 1874 854 1938 superiores
880 1873 1225 1938 proximasque
1251 1872 1459 1921 insidias
1499 1876 1647 1935 atque
1685 1872 1902 1936 pericula

424 1956 610 2008 saluam
645 1959 966 2017 conservavit,
1007 1957 1303 2020 eundemque
1343 1957 1502 2005 Deum
1538 1961 1812 2020 precantur,
1850 1961 1902 2006 ut

423 2056 569 2106 porro
608 2056 797 2105 quoque
837 2057 942 2090 eam
982 2040 1061 2089 diu
1098 2027 1286 2089 saluam
1324 2038 1671 2103 florentemque
1696 2043 1900 2088 tueatur.

425 2124 567 2184 Quod
604 2124 1050 2174 condemnationem
1089 2128 1384 2173 mortuorum
1433 2124 1624 2172 illorum
1673 2123 1902 2172 attineat:

425 2209 805 2273 deprehendisse
832 2224 887 2257 se
912 2209 1036 2257 haec
1062 2209 1236 2268 omnia,
1263 2208 1331 2256 uti
1367 2203 1740 2256 commemorata
1778 2210 1900 2266 sunt,

425 2293 495 2341 ita
519 2292 712 2356 penitus
738 2296 883 2355 gesta
909 2307 1033 2342 esse.
1064 2292 1277 2342 Proinde
1302 2297 1353 2341 ut
1379 2307 1515 2340 suam
1542 2292 1591 2339 in
1612 2296 1711 2339 tam
1749 2289 1902 2338 atroci

426 2375 612 2424 scelere
637 2375 960 2424 innocentiam
974 2376 1119 2424 etiam
1146 2374 1420 2440 peregrinis
1446 2374 1726 2437 regionibus
1741 2373 1900 2422 decla-

426 2465 605 2519 rarent,
645 2474 768 2519 sese,
808 2459 971 2507 missis
1011 2475 1036 2507 e
1074 2459 1284 2522 primore
1317 2457 1571 2519 nobilitate
1597 2457 1899 2521 quibusdam,

427 2544 720 2607 postulasse,
745 2548 797 2591 ut
819 2542 1116 2606 'Principalis
1143 2541 1394 2591 Celsitudo
1420 2542 1468 2590 in
1507 2542 1704 2606 publica
1739 2541 1900 2604 Regni

429 2624 637 2675 Comitia
660 2626 820 2675 redire
846 2626 1009 2686 vellet,
1036 2626 1085 2674 id
1113 2626 1240 2689 quod
1267 2626 1412 2675 etiam
1439 2625 1637 2687 cognita
1664 2624 1899 2675 Ordinum

427 2710 522 2759 fide
566 2710 724 2759 libens
767 2709 1080 2774 praestiterit.
1125 2709 1450 2769 Quamobrem
1500 2709 1627 2772 quod
1664 2707 1898 2774 Princeps

428 2793 522 2842 sibi
536 2794 859 2854 consuluerit,
893 2793 1040 2842 ethis
1069 2793 1424 2841 coniuratorum
1462 2791 1898 2842 machinationibus

427 2894 515 2943 per
551 2878 734 2938 media,
763 2877 925 2941 qualia
949 2877 1072 2926 ratio
1112 2877 1215 2925 eius
1252 2877 1483 2941 temporis
1523 2875 1896 2940 suppeditasset,

429 2962 705 3028 occurrerit,
732 2977 843 3011 sese
867 2961 1076 3016 unanimi
1102 2975 1340 3009 consensu
1365 2961 1655 3030 approbare,
1696 2963 1743 3008 et
1784 2974 1896 3028 poe-
