2112 3288
435 200 498 251 16
954 216 1018 249 10.
1046 215 1179 249 maon
1203 215 1402 251 BAuovn

423 333 563 397 tigat,
588 338 641 383 ut
666 333 716 382 ni
741 338 928 382 mature
953 346 1236 381 succursum
1249 333 1592 382 laborantibus
1606 333 1795 397 fuisset,
1810 344 1921 397 pro-

429 418 506 467 cul
534 417 693 476 dubio,
721 415 835 464 dedi
861 430 1025 464 arcem
1050 415 1303 476 barbariS,
1332 417 1412 465 vel
1439 417 1550 480 capi
1574 431 1781 466 necesse
1807 416 1950 466 fuis-1

429 505 529 561 set,
567 499 727 549 idubi
764 498 921 548 nostri
959 497 1291 562 accepissent,
1333 504 1382 548 et
1407 503 1590 563 quanto
1630 500 1680 548 in
1706 500 1933 564 periculo·

429 583 670 634 Siseciani
703 586 1045 643 versarentur,
1083 582 1133 631 ni
1159 572 1513 647 quamprimum
1537 583 1638 632 illis
1666 582 1924 647 suppetiae

429 670 701 727 ferrentur,
740 665 1131 730 cognovissent:
1178 658 1435 715 confestim
1473 665 1667 716 Thoma
1706 665 1926 715 Erdodio

430 752 569 800 Bano
597 748 854 811 Oroatiae,
882 753 931 798 et
957 746 1148 798 Comite
1186 749 1249 798 ab
1287 749 1560 814 Egenberg
1594 747 1852 811 Generali,
1876 753 1932 798 ut

433 839 610 885 vocant
649 833 1061 883 Oarolostadiano
1100 832 1329 894 ducibus,
1369 834 1552 883 coactis
1593 849 1739 898 quam
1777 834 1928 882 celer-

430 918 573 978 rime,
602 932 691 966 sex
718 916 932 965 millibus
959 920 1282 976 armatorum,
1318 914 1499 965 Savum
1524 917 1723 967 fiuvium
1747 915 1929 966 traiici-

433 1007 532 1058 unt,
560 1006 609 1050 et
635 1001 842 1064 septimo
869 999 1141 1049 obsidionis
1168 999 1260 1059 die,
1288 998 1557 1048 Sisecianis
1577 1000 1673 1048 iam
1698 1014 1824 1063 pene
1851 999 1930 1048 de-

435 1084 773 1150 sperantibUS,
811 1083 1156 1148 tempestivam
1196 1098 1338 1146 opem
1362 1082 1494 1131 ferre
1521 1083 1832 1131 constituunt.
1870 1081 1931 1131 Id

432 1169 517 1219 ubi
542 1168 780 1218 Hazonus
794 1167 958 1215 Bassa
984 1167 1046 1214 ab
1074 1164 1472 1229 exploratoribus
1494 1165 1695 1230 accepit,
1723 1169 1773 1214 et
1786 1178 1932 1228 quam

434 1252 579 1316 pauci
603 1265 817 1309 numerO,
847 1250 937 1299 sed
963 1249 1137 1298 animis
1164 1253 1475 1313 praesentes,
1503 1246 1774 1297 Christiani
1799 1247 1933 1297 auxi-

433 1335 603 1385 liatum
643 1334 894 1383 obssessis
933 1333 1199 1401 venirent,
1222 1332 1492 1396 cognovit:
1531 1332 1788 1381 obsidione
1826 1336 1932 1381 tan·

432 1419 589 1483 tisper
616 1419 802 1479 soluta,
842 1417 905 1466 ad
944 1417 1291 1466 adventantem
1328 1420 1608 1466 nostrorum
1649 1415 1932 1476 exercitum,

433 1507 586 1563 ratUS,
612 1501 768 1551 feroci
794 1516 881 1550 suo
909 1515 1134 1562 occursU,
1160 1504 1359 1550 nostros
1387 1500 1579 1549 omnino
1605 1498 1831 1548 territum
1855 1498 1934 1556 iri,

436 1602 542 1636 cum
567 1584 961 1635 instructissimis
995 1584 1150 1648 copiis
1177 1583 1448 1643 contendit,
1489 1597 1658 1633 verum
1684 1581 1932 1632 enimvero

371 1732 376 1737 .
437 1674 697 1733 antequam
722 1672 877 1717 marte
904 1683 1011 1727 cum
1037 1666 1263 1715 hostibus
1289 1682 1391 1715 rem
1414 1665 1729 1726 discerneret,
1755 1669 1807 1714 ut
1834 1680 1934 1714 ma-⁴

435 1753 529 1802 iori
555 1769 662 1802 cum
686 1751 889 1812 fiducia,
917 1767 975 1801 ac
1003 1750 1228 1799 vincendi
1254 1749 1576 1810 necessitate,
1616 1748 1797 1798 milites
1823 1763 1932 1798 cum

436 1836 623 1887 nostris
649 1835 1004 1898 confligerent,
1045 1837 1244 1898 pontem
1283 1847 1377 1896 quo
1420 1831 1591 1896 copias
1630 1831 1932 1892 traduxerat,

435 1921 539 1970 fato
566 1920 671 1969 eius
708 1919 780 1967 ita
815 1918 1070 1981 flagitante
1097 1915 1472 1965 rescindendum
1511 1919 1796 1975 curaverat,
1837 1929 1936 1963 om-

436 2003 677 2067 nibusque
702 2000 1061 2066 impedimentis
1074 2004 1214 2049 trans
1241 1997 1452 2063 Colapin
1475 1996 1687 2059 fluvium,
1715 1996 1798 2061 qui
1821 2011 1934 2046 nos-

436 2092 516 2136 tra
553 2089 850 2151 tempestate
889 2082 1049 2148 Culpa
1082 2084 1392 2143 nominatur,
1422 2082 1473 2130 in
1511 2080 1691 2130 castris
1729 2079 1935 2142 relictis,

389 2204 391 2206 v
439 2170 696 2237 expeditos
723 2169 903 2218 milites
931 2183 1095 2218 secum
1120 2167 1485 2228 transduxerat,
1502 2170 1613 2215 sunt
1630 2169 1797 2214 tamen
1819 2179 1936 2214 non-

437 2254 584 2314 nulli,
625 2253 707 2317 qui
731 2257 929 2317 pontem
967 2251 1144 2311 abiis,
1185 2250 1267 2314 qui
1297 2251 1348 2298 in
1374 2249 1552 2299 castris
1590 2248 1721 2298 ultra
1756 2247 1935 2296 flumen

441 2352 548 2386 cum
573 2335 932 2399 impedimentis
958 2333 1208 2399 praesidio
1234 2332 1394 2381 relicti
1418 2333 1638 2393 fuerant,
1673 2346 1779 2379 cum
1804 2335 1936 2379 metu

439 2419 715 2483 perterriti,
754 2423 952 2467 nostros
978 2417 1190 2466 transitu
1220 2416 1484 2480 prohibere
1512 2418 1828 2468 conarentur,
1866 2413 1936 2462 in-

435 2503 668 2553 tercisum
697 2502 854 2564 fuisse
880 2502 1057 2551 dicant.
1087 2500 1187 2550 Sed
1210 2514 1300 2548 nos
1338 2499 1432 2548 hac
1456 2515 1510 2548 re
1535 2498 1586 2546 in
1610 2496 1769 2546 medio
1794 2496 1936 2546 relic-

439 2595 492 2638 ta
507 2626 536 2650 „
560 2587 624 2637 ad
662 2591 859 2636 nostros
884 2590 1215 2644 revertamur,
1249 2583 1332 2647 qui
1358 2581 1582 2647 quamvis
1607 2595 1806 2630 numero
1831 2581 1936 2645 plu·

439 2673 613 2721 rimum
637 2669 862 2719 hostibus
886 2668 1102 2731 impares
1118 2671 1297 2730 essent,
1324 2671 1488 2715 tamen
1510 2680 1617 2713 cum
1643 2678 1730 2713 eos
1756 2663 1936 2713 adven-

440 2762 548 2806 tare
574 2748 825 2815 viderent,
850 2768 940 2803 nec
965 2751 1104 2811 inde,
1143 2750 1240 2799 nisi
1264 2750 1346 2799 vel
1371 2749 1489 2798 victi
1515 2749 1596 2798 vel
1620 2747 1836 2797 victores
1862 2762 1937 2796 re-

436 2823 584 2903 gredi
609 2841 839 2903 possent,
878 2828 1049 2885 manus
1076 2834 1268 2883 omnino
1296 2847 1555 2882 conserere
1582 2835 1822 2891 statuunt,
1846 2830 1937 2880 ita-

443 2939 535 2986 que
562 2937 752 2972 omnem
791 2920 966 2970 salutis
1006 2934 1142 2983 spem
1169 2918 1217 2966 in
1253 2917 1417 2966 divino
1445 2915 1722 2981 praesidio,
1764 2930 1822 2963 ac
1847 2929 1938 2963 sua

440 3007 619 3057 virtute
645 3005 857 3070 positam
890 3003 1010 3063 rati,
1050 3003 1168 3051 data
1193 3002 1445 3066 pugnandi
1473 3000 1642 3064 copia,
1682 2999 1942 3062 signisque.
