2112 3288
463 224 542 268 LH
971 235 1100 266 Dncs1
1122 222 1259 266 almos
1285 223 1429 266 133LET113

462 363 571 396 num
612 346 919 410 disciplinam
947 365 956 394 :
985 346 1101 396 illae
1154 347 1311 395 Deum
1364 344 1629 413 colendum,
1682 343 1951 408 proximum

462 430 775 493 diligendum,
813 435 1046 494 parentes
1098 430 1424 487 honorandos,
1476 443 1570 476 non
1622 428 1950 487 occidendum,

460 530 556 564 non
581 515 854 575 furandum,
881 530 976 563 non
1004 514 1384 574 adulterandum,
1411 529 1507 562 non
1532 512 1711 560 falsum
1736 512 1951 562 testimo-

461 600 593 648 nium
619 598 889 656 dicendum,
916 613 1011 646 non
1027 596 1462 663 concupiscendum
1490 596 1788 659 generaliter
1814 611 1954 660 prae-

463 683 674 747 cipiunt:
701 683 795 730 hae
822 687 993 731 cuncta
1021 682 1080 730 (16
1118 681 1195 730 his
1224 680 1422 730 decreta
1448 680 1702 743 angustius
1730 679 1953 729 determi-

461 771 592 827 nant,
633 781 691 814 ac
716 765 781 814 ad
819 765 1104 814 societatem
1150 765 1348 828 generis
1386 764 1583 814 humani
1620 763 1850 823 referunt,
1901 768 1950 811 et

461 856 562 900 tam
589 850 853 899 virtutibus
879 850 1099 914 praemia
1124 854 1414 913 proponunt,
1454 865 1595 912 quam
1624 847 1825 897 delectis
1853 845 1954 910 qui-

462 934 633 983 busvis
673 938 835 982 certas
876 932 1146 997 civilesque
1183 948 1370 997 poenas
1410 932 1645 994 irrogant.
1698 932 1818 981 Inde
1857 945 1952 980 non

462 1018 661 1067 inutiles
691 1018 750 1068 de
775 1018 964 1067 iuribus
991 1018 1315 1081 quarumlibet
1326 1012 1659 1081 personarum,
1686 1017 1745 1065 de
1770 1015 1952 1075 tutelis,

464 1101 523 1149 de
543 1101 866 1162 testamentis,
883 1102 942 1150 de
957 1099 1364 1160 haereditatibus,
1391 1100 1450 1148 de
1467 1100 1866 1163 obligationibus,
1894 1098 1954 1148 de

464 1184 751 1243 homicidiis,
781 1184 840 1232 de
869 1183 1136 1243 adulteriis,
1169 1184 1229 1232 de
1253 1183 1412 1245 furtis,
1440 1183 1499 1232 de
1525 1184 1670 1246 falso,
1696 1183 1765 1231 de'
1781 1183 1831 1232 vi
1855 1182 1951 1247 pri-

466 1274 583 1317 vata
610 1285 669 1317 ac
693 1268 906 1331 publica,
934 1267 993 1316 de
1020 1269 1261 1331 peculatu,
1289 1267 1349 1315 de
1374 1267 1557 1330 plagi0,
1585 1267 1644 1315 de
1671 1267 1867 1327 ambitu,
1894 1265 1954 1314 de

465 1353 593 1402 omni
622 1351 909 1401 stellionatu
960 1365 1188 1399 eorumve
1226 1350 1399 1414 poenis
1427 1350 1676 1398 doctrinae
1714 1349 1778 1399 ad
1813 1364 1954 1414 prae-

466 1437 700 1500 scriptum
725 1436 854 1498 legis
879 1439 1084 1483 naturae
1112 1450 1169 1490 ac
1207 1433 1488 1497 analogiam
1515 1448 1767 1483 sacrarum
1791 1433 1956 1482 litera-

466 1539 570 1571 rum
599 1538 628 1570 a
656 1520 1006 1570 Iureconsultis
1047 1519 1364 1567 concinnatae
1404 1524 1527 1568 sunt.
1568 1520 1686 1568 [nde
1713 1518 1858 1568 etiam
1883 1522 1958 1567 tot

466 1622 598 1655 mere
637 1603 828 1653 iuridici
867 1603 916 1650 in
974 1602 1129 1651 Sacra
1168 1603 1411 1665 scriptura
1449 1603 1636 1662 iudicis,
1675 1598 1952 1661 tribunalis,

465 1691 580 1748 litis,
610 1688 998 1753 protestationiS,
1015 1688 1210 1747 actoris,
1238 1687 1324 1745 rei,
1355 1702 1533 1736 causae
1563 1692 1611 1735 et
1634 1701 1794 1735 rerum
1822 1685 1952 1734 simi—

464 1775 578 1824 lium
608 1790 667 1822 ex
688 1772 869 1822 intimis
886 1771 1302 1835 Iurisprudentiae
1316 1772 1590 1820 visceribus
1620 1777 1947 1835 transumpta-

465 1875 570 1907 rum
595 1856 786 1906 termini
824 1861 1132 1919 usurpantur.
1174 1857 1341 1905 Taceo
1382 1856 1440 1903 de
1469 1856 1774 1919 cognatione,
1803 1869 1951 1915 agna-

467 1942 612 2003 tione,
655 1941 908 1997 affinitate,
947 1940 1277 2004 sponsalibus,
1327 1939 1523 2003 nuptiis,
1564 1939 1772 1998 dotibuS,
1805 1938 1954 1986 rebus

469 2025 758 2089 parafernis,
794 2024 1032 2084 divortiiS,
1083 2023 1258 2087 poenis
1284 2022 1525 2071 inutilium
1563 2023 1954 2084 incestarumque

468 2109 757 2172 nuptiarum,
810 2108 1173 2168 adulteriorum,
1227 2113 1274 2155 et
1325 2106 1567 2156 similibus
1606 2105 1956 2155 controversiis

469 2208 600 2241 mere
625 2191 854 2247 iuridicis,
882 2192 930 2238 in
970 2191 1145 2254 quibus
1186 2191 1511 2253 cognitionem
1543 2190 1662 2238 iuris
1691 2188 1955 2251 Theologo

469 2276 800 2324 necessariam
828 2275 1020 2323 omnino
1048 2289 1158 2322 esse
1186 2274 1359 2334 iudico,
1390 2273 1517 2337 quod
1535 2278 1696 2322 tamen
1722 2286 1844 2334 pace
1869 2272 1956 2321 bo-

470 2376 643 2409 norum
672 2359 849 2407 dictum
879 2358 1039 2406 velim.

613 2445 717 2491 Iam
746 2457 861 2491 vero
890 2449 1117 2505 quantum
1158 2441 1544 2504 Iurisprudentia
1581 2440 1817 2489 conducat
1844 2440 1956 2489 Phi-

470 2526 738 2590 losophiae,
791 2531 839 2573 et
877 2532 1106 2593 quantam
1145 2541 1251 2574 cum
1290 2542 1348 2574 ea
1386 2512 1568 2573 habeat
1617 2525 1956 2587 cognationem

471 2612 551 2659 vel
591 2625 651 2658 ex
691 2624 747 2657 eo
797 2612 947 2672 patet,
999 2608 1127 2671 quod
1159 2615 1365 2671 utraque
1392 2600 1659 2657 'verissime
1700 2607 1957 2656 definiatur

474 2694 686 2756 cognitio
724 2707 883 2740 rerum
912 2691 1184 2739 divinarum
1214 2698 1261 2739 et
1286 2691 1613 2740 humanarum
1668 2708 1726 2741 ac
1751 2691 1954 2757 proinde

474 2794 570 2825 non
597 2777 833 2825 immerito
862 2792 920 2824 ea
946 2791 1064 2824 vera
1091 2791 1149 2824 ac
1173 2791 1268 2824 non
1297 2777 1523 2825 simulata
1560 2777 1869 2841 philosophia
1894 2777 1956 2825 ab

473 2863 769 2926 imperatore
834 2861 1121 2925 appelletur.
1186 2860 1327 2920 Quod
1390 2861 1514 2909 enim
1577 2861 1866 2926 Philosophi
1907 2860 1958 2908 in

476 2947 648 2995 umbra
675 2961 731 2995 ac
758 2946 854 2994 otio
884 2946 941 2994 de
958 2946 1173 2995 moribus
1200 2946 1456 3004 hominum,
1485 2946 1542 2995 de
1568 2947 1774 3009 legibus,
1802 2946 1861 2994 de
1885 2960 1958 2994 re-

474 3032 684 3095 publica,
726 3031 785 3079 de
825 3030 1104 3079 oeconomia
1142 3030 1420 3094 disputant:
1447 3030 1496 3079 id
1534 3028 1874 3081 Iurisconsulti
1909 3028 1959 3076 in
