2112 3288
418 170 486 223 34
937 186 1001 221 1ο.
1031 188 1162 220 nmen
1187 187 1385 222 BARovn

415 310 468 354 ut
492 304 576 354 ille
603 319 656 352 se
695 305 855 367 magis
906 304 1162 367 magisque
1199 304 1494 363 insinuaret,
1535 303 1597 351 ad
1635 307 1776 350 notas
1810 300 1906 351 sibi

415 392 578 447 artes,
602 386 859 448 adulandi,
894 386 1246 447 calumniandi,
1286 385 1642 449 mentiendique
1669 384 1902 447 confugit,

415 475 463 520 et
488 470 666 534 partim
692 469 930 519 elevando
956 484 1038 518 res
1065 469 1427 532 Hungarorum,
1455 475 1504 518 et
1530 466 1904 525 Germanorum,

412 553 591 617 partim
618 552 983 616 Transylvanis
999 551 1313 613 detrahendO,
1343 568 1372 600 a
1399 552 1573 616 quibus
1600 552 1735 601 illum
1760 553 1904 602 vehe-

413 641 600 685 menter
626 651 854 685 aversum
881 635 1104 695 videbat,
1143 649 1240 683 non
1266 635 1495 698 exiguum
1521 635 1615 685 sibi
1642 636 1771 700 apud
1797 651 1906 685 eum

413 718 605 781 gratiae
632 717 791 767 locum
812 717 1107 767 conciliavit.
1129 717 1344 767 Proinde
1359 717 1584 779 Sinanus,
1600 718 1705 767 sive
1731 723 1783 768 ut
1796 734 1903 768 eum

413 801 510 849 sibi
535 801 628 850 hoc
653 800 894 850 beneficio
921 805 1074 849 totum
1101 800 1393 862 devinciret,
1429 801 1533 850 sive
1572 806 1624 850 ut
1662 801 1771 850 odio
1808 802 1904 851 iam

413 898 501 933 suo
526 899 680 948 prope
707 883 971 933 Vatiniano
998 883 1048 930 in
1075 884 1479 948 TransylvanOS,
1515 884 1652 933 cuius
1689 900 1788 934 non
1821 885 1903 934 ob-

414 981 558 1014 scura
598 980 792 1029 semper
818 965 999 1013 indicia
1035 966 1371 1029 praebuisset,
1410 967 1576 1029 palam
1613 966 1903 1030 indulgeret,

412 1064 520 1097 eum
559 1048 807 1113 extemplo
854 1048 1173 1097 Praefectura
1221 1049 1460 1113 Lippensi
1505 1050 1902 1114 Transylvaniae

413 1131 714 1180 contermina
741 1132 955 1197 donavit.
994 1133 1238 1181 Ibraimus
1276 1138 1411 1181 tanto
1438 1149 1635 1182 munere
1661 1150 1691 1182 a
1717 1132 1902 1184 Sinano

411 1214 637 1281 affectus,
669 1219 718 1262 et
743 1214 928 1263 ascitus
965 1214 1016 1262 in
1043 1230 1210 1264 eorum
1247 1230 1520 1275 numerum,
1550 1230 1751 1278 quorum
1776 1232 1902 1266 com-

412 1295 603 1343 modam
632 1295 729 1344 sibi
756 1311 812 1344 eo
840 1295 973 1345 bello
999 1296 1107 1344 fore
1146 1296 1338 1345 videret
1364 1312 1578 1360 operam,
1603 1283 1811 1362 primum
1835 1299 1902 1348 le-

410 1379 805 1442 gationemillam
829 1380 891 1428 ad
917 1380 1193 1444 Principem
1221 1380 1484 1429 decernere
1511 1381 1792 1446 Mahometi,
1819 1382 1900 1432 de-

409 1462 521 1511 inde
546 1463 851 1512 Ravazdium
892 1464 956 1512 ad
982 1465 1360 1528 Transylvanos
1386 1464 1436 1512 in
1461 1464 1556 1513 fide
1583 1466 1901 1516 continendos

407 1547 457 1594 in
484 1547 661 1595 castris
689 1562 884 1611 semper
910 1547 1101 1609 adesse,
1130 1546 1311 1596 Sinano
1338 1548 1599 1611 persuasit.
1662 1580 1666 1585 -

799 1807 1032 1858 OAPVT
1072 1807 1512 1859 VNDECIMVM.

410 1914 485 1962 De
510 1915 765 1964 Ravazdio
805 1917 990 1964 domum
1030 1935 1135 1965 cum
1171 1919 1307 1965 novis
1346 1917 1414 1965 acl
1438 1917 1716 1980 Principem
1744 1915 1896 1981 Siyis-

816 2001 1045 2048 mundum
1075 2002 1266 2065 Lcycctis
1292 2001 1498 2048 remisso.

553 2104 691 2165 Quae
716 2122 823 2167 res,
862 2108 978 2156 licet
1004 2108 1099 2156 iam
1126 2103 1403 2170 significata
1429 2108 1684 2157 Ravazdio
1708 2109 1898 2171 fuisset,

409 2188 472 2236 ab
499 2203 556 2235 eo
582 2204 774 2238 rursum
804 2195 967 2238 tamen
995 2196 1177 2239 mutato
1205 2191 1423 2252 consilio,
1450 2192 1531 2240 vel
1563 2192 1673 2240 ideo
1701 2193 1829 2255 quod
1853 2193 1898 2241 ei

408 2270 458 2317 in
486 2276 694 2319 mentem
719 2273 952 2333 venisset,
969 2271 1023 2322 ut
1037 2274 1397 2338 Transylvanis
1423 2274 1516 2322 hoc
1541 2273 1660 2323 belli
1679 2280 1897 2339 tempore

410 2353 579 2401 amicis
618 2358 862 2416 uteretur,
900 2360 952 2404 ut
992 2372 1097 2405 cum
1137 2357 1437 2406 commodum
1478 2362 1635 2417 esset,
1674 2358 1897 2406 incautos

409 2436 732 2499 opprimeret,
760 2439 838 2486 vel
863 2439 991 2501 quod
1017 2440 1199 2488 nullum
1229 2456 1289 2487 ex
1317 2440 1682 2505 Transylvanis
1707 2442 1758 2489 in
1784 2442 1898 2490 aula

407 2518 758 2581 reliquendum,
786 2527 812 2568 e
839 2537 891 2568 re
919 2537 1008 2569 sua
1031 2518 1247 2582 duceret,
1275 2522 1581 2571 Ravazdium
1609 2523 1799 2572 domum
1823 2539 1897 2572 re-

409 2601 563 2660 misit,
591 2602 797 2650 alterum
831 2619 946 2652 vero
987 2606 1220 2653 Ioannem
1257 2605 1530 2667 Bodogium
1568 2612 1733 2655 castra
1758 2606 1898 2670 sequi

407 2683 564 2732 iussit.
596 2683 833 2755 Adiunxit
859 2690 1019 2734 autem
1040 2686 1295 2736 Ravazdio
1312 2685 1724 2751 OziaferBegum,
1753 2704 1898 2753 quen-

408 2767 518 2815 dam
544 2782 722 2828 senem,
749 2774 1010 2829 versutum,
1039 2774 1087 2818 et
1114 2771 1279 2832 magni
1305 2771 1353 2819 in
1369 2771 1738 2836 Transylvania
1761 2787 1894 2832 usus,

409 2865 469 2897 ex
497 2865 661 2898 eorum
690 2851 912 2914 collegio,
942 2853 1021 2915 qui
1050 2853 1222 2901 affines
1248 2854 1463 2903 Ibraimo
1485 2855 1535 2903 in
1562 2855 1893 2917 confingendis

411 2932 649 2980 adversus
690 2934 1067 2998 Transylvanos
1108 2935 1388 2984 criminibus
1427 2938 1747 2986 habebantur.
1788 2938 1894 2987 Nec

2092 3044 2112 3288 Qummd
2110 2986 2112 2989 .
