2112 3288
398 155 498 205 118
938 171 1002 203 10.
1032 172 1163 203 DEcn
1190 171 1386 205 BARovn

397 288 675 337 discrimine
702 287 965 336 crudeliter
990 292 1283 335 mactavere.
1303 287 1538 349 Virgines
1554 292 1731 347 tamen,
1748 303 1807 336 ac
1820 303 1896 336 se-

397 372 630 421 lectiores
657 377 920 430 matronas,
960 385 1084 433 quas
1122 370 1202 418 vel
1241 370 1409 434 aliqua
1445 371 1603 418 forma
1635 371 1892 433 insignior,

398 455 478 505 vel
505 460 647 504 aetas
671 454 848 504 florida
873 454 1247 513 commendaret,
1275 454 1338 502 ad
1351 453 1621 502 inauditam
1647 453 1894 502 libidinem

400 538 692 603 explendam
740 541 1073 598 reservarunt,
1113 552 1211 601 qua
1249 552 1404 600 usque
1442 536 1581 596 adc0,
1633 538 1899 601 plerasque

402 638 569 671 earum
595 622 727 671 humi
752 622 1009 685 religatas,
1034 621 1314 686 promiscue
1330 621 1686 680 excruciarunt,
1705 625 1759 670 ut
1775 635 1900 669 mor-

402 711 499 755 tem
526 711 730 770 propter
754 705 805 754 id
831 706 1042 755 dedecus
1070 705 1346 769 complures
1373 721 1540 754 earum
1567 704 1791 753 obierint.
1805 705 1898 753 Im·

406 794 625 838 maturas
652 788 889 851 virgines,
935 803 994 837 ac
1026 803 1207 852 pueros
1240 788 1592 848 crudelissima,
1626 802 1782 851 eaque
1820 802 1900 835 ne-

408 872 562 920 fanda
611 887 806 932 venere,
846 877 1089 932 enecatOS,
1144 872 1333 935 passim
1371 872 1420 919 in
1459 871 1552 919 viis
1604 870 1898 920 abiecerunt.

404 953 584 1004 Coram
611 955 732 1003 viris
757 970 952 1015 uxores,
980 960 1029 1003 et
1054 955 1341 1018 parentibus
1367 954 1498 1002 filias
1537 954 1785 1002 incestare
1810 967 1900 1017 pro

402 1038 660 1102 voluptate
700 1038 954 1086 duxerunt.
1008 1038 1445 1086 Discumbentibus
1500 1037 1564 1085 ad
1615 1037 1775 1085 cibum
1824 1051 1902 1085 su-

407 1121 645 1182 mendum,
672 1121 823 1169 vincti
850 1121 1188 1169 crudelissime
1227 1121 1410 1184 captivi
1447 1135 1738 1180 mensarum,
1778 1119 1902 1169 sedi-

402 1203 616 1266 liumque
655 1203 812 1250 vicem
849 1204 1198 1267 praebuerunt.
1250 1203 1478 1267 Effossos
1503 1203 1554 1249 in
1599 1202 1905 1251 coemeteriis

412 1289 631 1333 mortuos
658 1283 968 1348 transfigere,
998 1289 1047 1334 et
1072 1285 1122 1333 in
1150 1289 1290 1333 eruta
1327 1285 1545 1348 praedae
1577 1284 1739 1333 studio
1766 1285 1908 1334 cada-

403 1384 524 1418 vera
550 1368 743 1417 saevire
770 1369 948 1432 volupe
973 1368 1075 1416 illis
1100 1368 1205 1417 fuit.
1235 1369 1400 1417 Boves
1429 1368 1693 1430 anteriore,
1716 1372 1766 1416 et
1792 1383 1905 1432 pos-

404 1454 587 1503 teriore
614 1458 754 1517 parte
782 1453 1075 1514 excoriatos,
1103 1458 1152 1501 et
1179 1453 1282 1501 suis
1310 1468 1477 1502 eorum
1504 1452 1667 1502 crudis
1694 1451 1908 1516 tergori-

409 1538 503 1586 bus
533 1536 824 1599 colligatos:
876 1537 1101 1601 captivas
1138 1537 1253 1585 item
1292 1537 1546 1596 foeminas,
1597 1552 1655 1585 ac
1691 1536 1911 1600 virgines

410 1620 648 1672 detractis
687 1620 750 1668 ad
789 1620 1104 1683 opprobrium
1143 1619 1365 1668 vestibus
1393 1624 1743 1670 concatenatas
1769 1634 1911 1684 peco-

409 1718 514 1751 rum
542 1703 701 1751 instar
730 1707 842 1751 ante
870 1718 924 1750 se
950 1703 1122 1764 nudas,
1150 1708 1198 1751 et
1209 1702 1382 1765 flagris
1398 1703 1670 1762 Tartareis,
1691 1703 1776 1752 ubi
1789 1718 1911 1767 prae

409 1785 702 1834 lassitudine
727 1785 800 1833 ire
826 1801 926 1834 non
950 1790 1169 1848 possent,
1194 1785 1544 1834 immanissime
1587 1801 1764 1835 caesas
1791 1801 1909 1848 ege-

408 1873 535 1918 runt.
567 1868 799 1917 Sitientes
826 1884 947 1932 prae
972 1883 1196 1917 moerore
1237 1869 1590 1933 laboribusque
1616 1884 1809 1934 puerOS,
1851 1884 1911 1917 ac

408 1952 628 2014 virgines
657 1952 832 2015 equino
859 1953 987 2000 lacte
1021 1957 1272 2016 potavere.
1317 1951 1608 2016 Esurientes
1647 1953 1911 2001 semicocta

411 2051 559 2085 carne
587 2035 765 2098 equina
793 2035 1038 2084 cibavere.
1074 2035 1415 2098 Praegnantes
1428 2036 1672 2097 mulieres,
1693 2051 1790 2085 una
1805 2050 1911 2084 cum

409 2119 682 2167 immaturis
709 2119 935 2183 partibus
963 2119 1257 2177 dissecuere,
1282 2124 1336 2167 ut
1350 2119 1495 2168 situm
1517 2135 1683 2169 eorum
1704 2119 1755 2167 in
1769 2123 1908 2168 utero

411 2206 633 2250 materno
661 2207 957 2265 spectarent,
974 2207 1022 2250 et
1034 2203 1177 2251 huius
1194 2202 1470 2250 dirissimae
1487 2202 1761 2250 anatomiae
1775 2217 1911 2266 spec-

413 2285 575 2332 taculo
604 2285 771 2332 oculos
800 2280 1412 2349 exultabundifpasccrent.
1427 2285 1612 2333 Horret
1637 2285 1824 2333 animus
1838 2300 1913 2334 co-

412 2366 592 2429 gitare,
619 2370 668 2414 et
693 2367 842 2429 pudet
868 2383 943 2415 me
969 2367 1160 2430 reliqua
1197 2367 1446 2416 inauditae
1483 2368 1801 2416 immanitatis
1827 2384 1912 2431 ge-

411 2464 545 2508 nera,
573 2463 700 2511 quae
725 2464 815 2497 nos
841 2450 939 2512 ipsi
963 2465 1088 2512 pene
1117 2450 1270 2497 oculis
1296 2450 1494 2506 nostris,
1521 2450 1615 2498 hac
1628 2450 1913 2499 tristissima

411 2536 708 2595 tempestate
735 2533 1093 2596 conspeximUS,
1120 2534 1200 2581 vel
1227 2538 1360 2581 certe
1387 2534 1450 2582 ab
1467 2533 1676 2583 oculatis
1702 2534 1911 2583 testibus

412 2615 703 2680 accepimus,
732 2617 1024 2680 singillatim
1050 2608 1328 2678 recensere,
1363 2618 1555 2681 quando
1596 2633 1910 2682 quaecunque

411 2698 716 2751 crudelitatis
742 2700 975 2760 facinora,
1002 2701 1082 2748 vel
1108 2700 1367 2761 Busiridis,
1420 2703 1501 2750 vel
1527 2702 1790 2766 Lycaonis,
1829 2701 1908 2750 vel

415 2779 710 2840 Phalaridis,
739 2800 769 2832 a
793 2783 1043 2832 veteribus
1060 2783 1323 2833 decantata
1349 2800 1453 2833 cum
1478 2785 1557 2833 his
1584 2785 1909 2845 conferantur,

412 2879 474 2913 ne
499 2864 695 2914 minima
722 2866 913 2929 quidem
940 2880 1001 2914 ex
1025 2870 1167 2930 parte
1195 2881 1255 2915 ea
1280 2882 1495 2930 aequare
1533 2867 1750 2931 possint3
1773 2867 1909 2916 nimi-

412 2962 518 2999 rum
543 2947 667 2998 haec
691 2949 852 3001 omnia
891 2948 1192 3001 crudelitatis
1227 2955 1551 3011 monumenta,
1590 2965 1908 3019 quaecunque
