2112 3288
0 2808 8 2840 ‚vv-
0 2778 6 2786 ⁴
0 2448 10 2765 ...mwwqq,>-.m
0 2429 3 2438 „
0 2410 2 2419 -
0 2371 3 2384 ἡ
0 2358 1 2363 Α
0 2319 9 2349 ,Γ
0 2293 2 2300 ,

603 192 667 225 m:
694 190 802 225 mm.
827 189 941 224 vno.
969 188 1079 224 nne.
1107 189 1154 223 Χ.
1183 190 1227 223 L.
1253 193 1300 225 x.
1509 200 1516 203 <
1601 174 1705 225 249

196 327 340 379 *vana
364 325 453 377 spe
477 308 646 358 inflati.
693 308 787 357 Est
823 322 920 356 non
946 307 1118 372 procul
1144 308 1208 356 ab
1236 306 1433 372 Alpium
1459 306 1708 357 radicibus

210 396 349 448 vicus
375 395 555 454 Alfalu,
600 409 694 458 quo
732 393 862 457 ignis
888 393 1115 441 relucens
1153 392 1202 440 in
1236 391 1415 441 castris
1442 391 1607 457 Apafii
1644 394 1708 442 ob

209 479 625 548 propinquitatem
674 477 829 542 probe
869 476 1277 541 conspiciebatur.
1332 475 1477 525 Vnde
1514 475 1709 539 cognito

213 563 381 631 Apafii
419 563 634 613 adventu
659 564 873 612 Ioannes
900 562 1140 622 Kovacsi,
1186 576 1312 611 unus
1351 577 1412 610 ex
1437 559 1709 611 Alfalvien-

208 650 360 711 sibuS,
386 647 463 697 vir
488 663 656 708 seneX,
681 646 906 711 idemque
933 646 1173 707 aedituus,
1199 650 1346 695 noctu
1361 645 1620 694 confestim
1645 644 1709 693 ad

159 733 162 735 ’
209 732 404 784 Siculos
430 731 675 797 Ujfalvini
707 735 1039 795 congregatos
1067 731 1283 793 advolat,
1329 730 1499 780 hostes
1526 729 1705 779 adesse

207 818 469 884 significat,
506 823 556 867 et
579 822 632 867 ut
658 815 911 882 crapulam
937 831 1254 882 somnumque
1282 815 1560 877 discutiant,
1585 815 1706 864 iam-

207 905 306 955 iam
331 903 539 960 hostiles
567 903 737 968 copias
765 902 937 965 adfore
964 902 1189 951 minatur.
1222 901 1321 950 Vix
1345 902 1440 951 hac
1451 917 1507 951 re
1521 900 1704 963 audita,

206 987 360 1040 Siculi
385 988 760 1053 evigilaverant,
787 993 837 1038 et
863 1004 924 1037 ex
947 988 1167 1049 aedibuS,
1196 1002 1319 1052 quas
1346 988 1409 1037 ob
1425 986 1704 1037 firmitatem

208 1074 319 1126 loco
346 1073 542 1124 castelli
569 1072 838 1137 elegerant,
866 1073 1062 1122 obviam
1078 1071 1303 1122 hostibus
1318 1070 1570 1137 paululum
1596 1086 1708 1137 pro-

209 1165 480 1220 cesserant,
506 1174 613 1208 cum
652 1174 767 1208 ecce
807 1159 870 1208 ab
898 1157 1158 1223 Apafianis
1185 1157 1502 1207 circumventi
1540 1157 1711 1207 caede-

178 1250 391 1296 ·rentur.
445 1241 564 1293 Mox
601 1244 651 1292 in
691 1259 792 1304 eas,
833 1243 892 1292 de
934 1243 1110 1308 quibus
1148 1243 1246 1293 iam
1285 1242 1509 1303 diximus,
1561 1242 1712 1292 aedes

211 1326 465 1394 compulsi,
513 1328 693 1394 partim
731 1328 1060 1391 trucidantur,
1110 1329 1289 1394 partim
1339 1328 1477 1378 uncis
1518 1327 1712 1389 ferreis,

210 1414 438 1482 palisque
464 1430 524 1464 ac
548 1414 786 1480 patibulis
811 1414 863 1463 in
901 1414 1201 1479 reliquorum
1227 1420 1465 1464 terrorem
1505 1413 1711 1477 affigun-

211 1505 305 1550 tur.
346 1499 583 1551 Nonnulli
609 1501 692 1565 qui
718 1500 767 1549 in
794 1500 944 1550 aedes
972 1500 1100 1550 alias
1128 1516 1235 1549 cum
1249 1501 1487 1550 uxoribus
1510 1515 1569 1548 ac
1593 1499 1712 1547 libe-

210 1585 281 1635 ris
307 1599 362 1635 se
390 1586 716 1648 contulerant,
757 1601 927 1635 omnes
953 1586 1126 1651 paucis
1166 1587 1288 1649 fuga
1314 1585 1502 1650 elapsis
1528 1583 1711 1634 ibidem

211 1669 438 1720 incendio
489 1671 736 1736 absumpti
786 1677 910 1721 sunt.
963 1671 1022 1720 In
1071 1672 1182 1737 ipso
1209 1671 1436 1721 conflictu
1462 1670 1715 1735 perierunt

211 1755 436 1821 XXVII;
451 1767 554 1806 tres
562 1757 700 1807 uncis
711 1757 889 1806 ferreis
901 1757 1052 1819 affixi,
1067 1756 1280 1821 quinque
1290 1755 1521 1821 suspensi
1536 1772 1546 1813 ς
1563 1753 1714 1803 aedes

210 1841 399 1907 aliquot
424 1857 531 1891 cum
555 1842 748 1891 horreis
782 1859 842 1891 ac
866 1842 1212 1907 'compluribus
1250 1841 1479 1891 frumenti
1519 1839 1712 1889 acervis

211 1925 590 1990 conflagrarunt.
620 1928 736 1977 Dux
763 1943 933 1977 eorum
961 1928 1175 1978 Ioannes
1200 1925 1301 1977 Gal
1329 1927 1499 1977 eodem
1526 1925 1712 1990 suppli-

212 2011 287 2060 cio
313 2011 534 2065 affectus.
563 2012 641 2061 Ea
667 2028 721 2061 re
748 2013 917 2062 audita
938 2011 1232 2062 Csikienses
1259 2017 1310 2061 et
1334 2011 1712 2061 Kaszonienses

211 2095 479 2149 vicinorum
494 2097 734 2162 exemplis
749 2098 923 2159 edocti,
949 2098 1126 2163 positis
1142 2097 1400 2147 formidine
1414 2111 1606 2162 poenae
1633 2111 1709 2144 ar-

214 2181 328 2241 mis,
368 2181 431 2231 ad
473 2183 710 2247 obsequia
748 2183 1048 2233 dominorum
1090 2198 1306 2243 suorum,
1346 2182 1434 2231 sed
1474 2186 1588 2231 ante
1625 2195 1712 2230 eos

216 2265 446 2317 Andreas
460 2265 639 2329 Lazar,
667 2255 874 2318 rediere.
917 2269 996 2318 Ita
1011 2268 1206 2334 pacatis
1222 2268 1383 2317 tribus
1400 2266 1511 2325 ‚illis
1527 2263 1691 2315 Siculo
1702 2295 1713 2302 -

211 2367 318 2402 rum
345 2353 629 2418 provinciis,
648 2352 854 2419 Apafius
868 2353 1058 2418 praeda
1072 2358 1276 2403 onustus
1303 2352 1495 2401 domum
1520 2366 1576 2400 se
1602 2366 1714 2399 con-

212 2438 335 2488 tulit.
362 2438 513 2489 Haud
538 2438 831 2489 absimiliter
858 2445 906 2489 et
933 2438 1186 2504 Georgius
1200 2438 1501 2498 Ravazdius,
1528 2435 1711 2487 iniunc-

212 2531 312 2574 tam
337 2524 435 2574 sibi
460 2528 681 2590 spartam
708 2531 906 2575 strenue
940 2530 1188 2586 executus,
1230 2523 1427 2574 Siculos
1460 2523 1606 2573 trium
1632 2537 1707 2571 se-

214 2608 343 2658 dium
370 2607 561 2674 Szepsi,
599 2610 766 2659 Kezdi
805 2616 852 2660 et
891 2609 1064 2671 Orbai,
1102 2610 1282 2676 partim
1309 2608 1490 2673 gladio,
1530 2606 1710 2672 partim

213 2692 565 2746 crudelissimis
603 2694 859 2760 suppliciis
912 2696 975 2746 ad
1013 2694 1227 2746 officium
1264 2693 1462 2743 tandem
1499 2690 1707 2754 redegit,

211 2777 435 2844 exemplo
486 2778 550 2827 ad
599 2794 761 2828 seram
798 2780 1139 2845 posteritatem
1188 2778 1368 2828 illustri
1406 2776 1604 2836 relict0,
1643 2791 1705 2824 ne

214 2863 398 2914 subditi
423 2869 593 2913 contra
618 2863 912 2930 Principem,
940 2865 1259 2928 dominosque
1287 2877 1403 2911 suos
1419 2861 1710 2910 seditionem

141 3017 146 3021 ¹
215 2948 446 3010 excitare,
473 2954 558 2998 aut
582 2949 682 2999 ullo
708 2950 850 2999 modo
890 2951 1138 3000 rebellare
1165 2947 1342 2998 ausint.
1395 2947 1507 2996 Non
1548 2946 1710 2994 defue-

214 3040 326 3085 runt
346 3041 510 3085 tamen
536 3050 597 3085 ex
612 3035 834 3086 omnibus
848 3036 1007 3101 Regni
1023 3035 1295 3086 Ordinibus
1310 3033 1601 3097 complures,
1628 3031 1712 3096 qui
