2112 3288
449 176 551 228 252
986 195 1049 228 10.
1077 194 1211 228 onon
1234 195 1431 230 ssAnovn

916 405 1146 457 CAPVT
1184 406 1483 457 SEXTVM.

449 525 526 574 De
553 525 718 590 Lippa
744 544 773 574 a
805 526 977 576 Turcz's
1015 528 1154 575 irrito
1195 537 1368 576 conatu
1408 536 1701 593 oppugnata,
1725 525 1944 594 fityatis-

689 627 776 674 que
802 610 914 658 inde
948 627 1040 674 per
1070 610 1430 675 Transylva‘nos
1455 611 1705 659 Barbaria

593 729 856 795 Superiore
883 744 1081 779 suorum
1107 731 1246 780 clade
1273 736 1540 781 commotus
1577 745 1735 780 novus
1761 731 1938 793 Bassa,

450 830 556 864 cum
579 814 824 864 fortunam
849 814 1131 878 provinciae
1171 830 1289 864 suae
1327 815 1540 880 experiri
1577 816 1739 877 vellet,
1780 815 1941 865 simul-

451 913 545 963 que
569 898 779 963 Lippam
803 898 1013 948 nondum
1053 898 1175 946 satis
1218 915 1248 947 a
1286 899 1468 947 nostris
1507 899 1748 948 firmatam
1784 898 1934 948 facile

452 997 543 1030 nec
580 982 781 1046 opinata
828 981 1097 1046 irruptione
1137 982 1247 1046 capi
1283 997 1431 1046 posse
1477 987 1725 1046 speraret:
1765 982 1940 1032 statuit

455 1065 610 1131 primo
650 1081 842 1130 quoque
893 1072 1111 1130 tempore
1150 1066 1562 1129 oppugnationem
1587 1066 1691 1115 eius
1731 1071 1939 1117 tentare.

454 1149 567 1199 Non
594 1150 849 1199 defuerunt
874 1155 1036 1198 tamen
1063 1149 1157 1197 viri
1181 1149 1458 1213 prudentes,
1487 1150 1568 1214 qui
1592 1155 1832 1213 putarent,
1862 1150 1942 1200 de-

454 1233 665 1283 liberato
706 1234 798 1282 hoc
841 1233 1090 1296 negotium
1117 1234 1321 1282 consilio
1361 1251 1391 1282 a
1418 1231 1636 1283 Caesare
1672 1235 1941 1283 Tomosva-

453 1317 603 1366 riensi
618 1317 870 1382 praefecto
883 1317 1161 1378 iniunctum,
1176 1322 1228 1366 ut
1241 1317 1335 1366 hac
1350 1318 1716 1382 oppugnatione
1731 1318 1943 1368 omnium

452 1401 637 1450 animos
665 1405 912 1450 averteret
945 1402 1005 1449 ab
1033 1400 1347 1463 Agriensium
1388 1400 1727 1460 sollicitudine,
1767 1402 1942 1466 quibus

451 1486 548 1534 iam
573 1491 673 1534 tum
699 1486 866 1533 Turca
891 1484 1154 1547 perniciem
1189 1484 1493 1533 moliebatur.
1546 1485 1673 1534 Nam
1698 1486 1789 1534 sub
1814 1485 1942 1534 idem

450 1569 603 1619 ferme
630 1569 762 1618 veris
787 1568 975 1617 initium
1000 1569 1166 1631 Begus
1193 1566 1577 1632 Szolnokiensis,
1620 1584 1726 1618 cum
1763 1584 1943 1632 magna
2015 1597 2026 1606 -

451 1653 724 1710 Turcarum
739 1654 1126 1702 Tartarorumve
1142 1649 1326 1717 (manu)
1341 1652 1389 1702 in
1404 1653 1634 1703 ditionem
1647 1652 1943 1718 Agriensem

451 1737 709 1803 irruperat,
724 1737 1042 1801 omnibusque
1058 1737 1190 1787 circa
1209 1736 1414 1801 Agriam
1427 1737 1552 1788 locis
1567 1737 1830 1802 diligenter
1844 1753 1940 1806 *ex-

454 1812 675 1886 ploratis,
714 1827 913 1886 praeter
953 1838 1181 1885 magnam
1218 1822 1487 1884 agrestium
1524 1826 1671 1885 atque
1706 1828 1941 1872 mercato-

452 1921 557 1954 rum
583 1906 786 1970 copiam,
814 1906 896 1969 qui
920 1905 970 1953 in
996 1909 1262 1954 mercatum
1297 1920 1353 1953 eo
1395 1921 1450 1954 se
1483 1906 1801 1966 contulerant,
1837 1906 1940 1970 ple-

453 2004 632 2053 rosque
660 2005 720 2038 ex
745 1990 992 2053 praesidio
1022 1989 1254 2052 Agriensi
1282 1989 1416 2038 viros
1456 1994 1682 2038 strenuos
1707 1989 1772 2038 ad
1794 1989 1940 2038 inter-

452 2073 702 2134 necionem
750 2074 956 2123 fuderat.
1016 2074 1156 2123 Haec
1204 2073 1373 2122 clades
1423 2072 1739 2136 Agriensium
1789 2073 1941 2122 veluti

455 2159 752 2223 praenuncia
775 2159 868 2207 fuit
893 2159 1024 2208 arcis
1050 2159 1168 2220 eius,
1196 2174 1321 2222 quae
1346 2158 1492 2223 paulo
1518 2162 1632 2222 post
1657 2163 1827 2209 secuta
1852 2162 1941 2219 est,

455 2242 847 2306 expugnationis.
875 2242 970 2291 His
994 2258 1112 2306 ergo
1152 2259 1210 2291 ac
1248 2242 1470 2307 pluribus
1510 2240 1655 2290 etiam
1690 2242 1749 2290 de
1776 2241 1938 2290 causis

456 2326 618 2375 Bassa
633 2328 1064 2383 Tomosvariensis
1081 2365 1091 2380 ,
1131 2343 1219 2376 seu
1257 2332 1430 2392 sponte
1471 2327 1653 2374 inferre
1677 2326 1814 2391 prius
1840 2326 1941 2375 bel-

456 2412 555 2460 lum
594 2425 738 2473 quam
765 2411 994 2475 excipere
1022 2410 1178 2459 satius
1217 2411 1324 2459 fore
1349 2415 1500 2469 ratus»,
1540 2424 1627 2458 seu
1666 2425 1696 2458 a
1722 2407 1940 2458 Caesare

455 2495 564 2559 ipso
581 2492 760 2554 iussUS,
788 2493 1001 2562 laurin0‚
1016 2493 1100 2543 ubi
1113 2494 1524 2558 hybernaverant,
1541 2498 1590 2541 et
1606 2497 1778 2542 cuncta
1790 2493 1939 2557 longe

455 2583 651 2641 lateque
677 2576 808 2626 ferro
834 2581 981 2640 atque
1019 2577 1222 2632 flamma,
1247 2581 1579 2639 vastaverant,
1618 2576 1941 2627 Tartarorum

456 2646 689 2725 reliquias
728 2661 791 2710 ad
817 2675 871 2710 se
908 2661 1075 2710 venire
1111 2661 1257 2710 iubet.
1297 2661 1510 2723 Tartari,
1548 2665 1600 2710 ut
1634 2665 1822 2710 terrore
1858 2661 1940 2711 ad-

458 2750 631 2794 ventus
652 2736 735 2794 'sui
761 2750 859 2794 tam
887 2744 1277 2809 TransylvanOS,
1307 2760 1450 2808 quam
1466 2745 1699 2808 Vngaros
1727 2750 1939 2794 conster-

456 2824 642 2891 narent,
664 2830 914 2893 regionem
929 2828 1139 2893 Chrysio
1149 2829 1464 2892 Marusioque
1479 2829 1715 2878 inclusam
1741 2826 1939 2894 (graece
1969 2839 1981 2850 '

459 2914 881 2979 Mesopotamiam,
908 2914 1428 2964 latineInteramniam
1471 2912 1672 2978 Chrysii
1712 2913 1938 2962 Marusii-

460 3014 551 3061 que
569 2999 729 3048 dicere
747 2995 1024 3063 possemus)
1041 2999 1131 3047 sub
1159 2999 1324 3062 specie
1339 2998 1478 3062 pacis
1494 3014 1551 3047 ex
1577 2997 1842 3062 improviso
1858 2998 1936 3047 de·
1961 2994 1964 2997 ’
