2112 3288
438 181 539 233 126
970 197 1034 230 10.
1061 196 1195 230 DEcn
1219 197 1418 233 BAnovn

431 313 544 362 inde
570 313 846 362 rumoribus
884 313 1100 374 affertur,
1137 311 1397 364 Chereium
1436 315 1762 379 Tartarorum
1800 310 1931 363 Cha-

435 412 577 461 mum,
606 413 713 447 cum
738 397 928 459 ingenti
953 397 1198 447 hominum
1225 399 1530 449 multitudine
1544 398 1810 448 Huztinum
1825 412 1932 446 ver·

434 478 518 531 sus
548 480 765 543 tendere,
793 481 1045 545 diramque
1070 482 1161 531 toti
1186 483 1473 547 provinciae
1488 483 1678 532 ruinam
1703 479 1930 529 minitari.

434 564 751 614 Exhorruere
778 564 988 614 omnium
1014 565 1175 627 animi,
1204 571 1252 615 ct
1278 582 1384 615 cum
1400 566 1708 615 consiliarios
1736 578 1833 612 non
1845 578 1935 628 per

435 644 596 696 omnia
622 662 730 695 cum
758 647 991 712 Principe
1040 648 1315 697 consentire
1353 649 1837 708 animadverteretur,
1874 659 1933 695 60

435 731 595 794 magis
622 731 782 792 etiam,
811 746 873 779 ex
899 746 1093 780 rumore
1120 732 1453 797 maximopere
1495 732 1652 792 veriti,
1690 746 1751 779 ne
1775 735 1934 779 trucu-

436 816 595 864 lentus
621 815 779 863 hostis
805 815 899 863 hac
926 815 1183 864 occasione
1211 831 1344 878 usus,
1370 816 1420 864 in
1448 815 1751 880 provinciam
1765 814 1935 862 irrum-

434 904 588 963 peret,
640 898 898 962 omniaque
958 900 1097 948 ferro
1163 904 1309 962 atque
1379 899 1586 947 flammis
1644 899 1939 948 absumeret.

436 981 576 1030 Haec
627 996 734 1030 cum
783 980 992 1029 omnium
1030 982 1185 1030 oculis
1236 983 1631 1044 obversarentur,
1677 980 1935 1042 omniaque

435 1065 701 1124 turbarum,
728 1069 874 1128 atque
901 1064 1238 1112 confusionum
1263 1056 1413 1128 plena
1441 1069 1623 1124 essent,
1662 1062 1848 1128 placuit
1873 1076 1935 1109 ex

439 1145 821 1195 Sabesiensibus
850 1145 1075 1195 Comitiis
1103 1162 1270 1196 omnes
1300 1152 1516 1196 armatos
1544 1145 1802 1195 Thordam
1826 1158 1937 1208 pro-

437 1229 606 1289 ficisci,
635 1229 803 1292 ibique
828 1229 878 1277 in
904 1230 1090 1294 campis
1118 1230 1278 1279 libera
1305 1230 1501 1279 comitia
1527 1230 1719 1289 haberi,
1756 1243 1863 1277 cum
1885 1231 1940 1276 ut

438 1313 632 1361 facilius
659 1313 785 1375 inde,
815 1313 858 1361 si
878 1313 948 1362 ita
972 1314 1249 1363 necessitas
1276 1314 1567 1378 postularet,
1595 1312 1786 1363 occurri
1812 1311 1938 1360 Tar-

436 1396 560 1445 taris
598 1401 785 1460 posset,
828 1401 928 1445 tum
965 1412 1100 1458 ver0,
1140 1402 1193 1446 ut
1230 1412 1359 1446 nova
1386 1397 1445 1446 de
1472 1397 1548 1458 iis,
1577 1413 1701 1461 quae
1728 1394 1939 1445 nondum
1988 1427 1991 1430 Δ

439 1480 665 1544 componi
691 1496 753 1529 ex
779 1480 989 1530 omnium
1014 1481 1145 1529 votis
1170 1486 1444 1545 potuerant,
1459 1483 1623 1542 rebus,
1648 1476 1937 1530 deliberatio

438 1563 789 1612 institueretur.
818 1565 894 1612 Eo
920 1564 1005 1614 ubi
1029 1580 1200 1613 rursus
1241 1570 1586 1627 convenerunt,
1618 1563 1795 1614 nescio
1822 1578 1938 1627 quo-

436 1663 540 1703 rum
567 1647 801 1696 instinctu
828 1663 1037 1712 coepere
1077 1648 1227 1696 animi
1265 1648 1604 1697 nonnullorum
1632 1664 1694 1697 ex
1717 1646 1936 1712 proceri-

438 1730 575 1778 ribus
603 1746 633 1777 a
660 1729 943 1779 Christiano
969 1731 1184 1792 foedere,
1223 1732 1590 1796 prioribusque·
1608 1731 1843 1781 consultis
1876 1729 1940 1778 ad

440 1814 712 1862 Turcarum
746 1815 966 1863 favorem
1006 1815 1329 1878 propendere.
1359 1815 1417 1864 Id
1443 1816 1586 1864 simul
1612 1831 1671 1864 ac
1697 1815 1937 1878 Princeps

440 1896 601 1945 Albae
628 1898 873 1961 cognovit,
911 1903 959 1946 et
986 1898 1189 1946 sinistra
1229 1898 1532 1961 quorundam
1560 1898 1618 1947 de
1645 1913 1714 1958 se,
1740 1895 1936 1946 reiectis

439 1980 688 2044 prioribus
716 1982 929 2045 statutis,
955 1997 1085 2030 nova
1112 1982 1209 2030 sibi
1236 1982 1440 2031 consilia
1465 1981 1501 2029 ii
1526 1981 1835 2045 potissimum
1861 1994 1936 2027 ce-

440 2064 645 2127 pissent,
674 2079 875 2128 quorum
903 2065 1201 2115 authoritate
1226 2070 1325 2116 tum
1341 2066 1441 2114 alia
1466 2065 1640 2126 omnia,
1667 2070 1765 2113 tum
1792 2063 1938 2112 etiam

440 2148 534 2196 has
571 2147 709 2212 ipsas
742 2163 823 2196 res
863 2149 1056 2198 molitus
1093 2144 1282 2212 fuisset,
1321 2150 1476 2198 noluit
1516 2149 1767 2197 Thordam
1793 2142 1938 2211 profi-

445 2231 577 2291 cisci,
605 2232 829 2294 quoniam
847 2234 1007 2281 cuncti
1034 2232 1248 2283 Ordines
1276 2234 1452 2282 armati
1479 2235 1823 2291 convenerant,
1849 2228 1938 2278 sed

441 2316 753 2363 Kssvarinum
792 2331 969 2365 versus
997 2317 1243 2377 discessit,
1278 2317 1660 2379 Balthasarique
1687 2313 1936 2363 Bathoreo

440 2397 703 2458 mandavit,
731 2402 783 2446 ut
809 2399 981 2460 omnia,
1010 2400 1204 2448 nomine
1231 2401 1415 2459 summi,
1441 2405 1493 2448 ut
1519 2393 1941 2460 vocantsgenera·

445 2481 521 2542 lis,
551 2495 604 2529 se
631 2481 851 2541 absente,
879 2482 1256 2532 administraret.
1282 2485 1333 2531 Is
1360 2483 1518 2531 edicto
1544 2483 1936 2546 promulgat0,ut

441 2563 660 2612 universi
687 2579 741 2612 se
769 2559 1129 2628 Claudiopolim
1156 2567 1447 2627 conferrent,
1474 2565 1580 2629 ipse
1602 2580 1793 2628 quoque
1819 2564 1935 2613 illuc

443 2645 549 2694 cum
585 2647 864 2712 praecipuis
903 2649 1177 2712 quibusque
1213 2650 1499 2713 proceribus
1544 2649 1810 2713 profectus.
1855 2663 1933 2696 co-

444 2729 580 2778 mitia
605 2745 702 2779 non
726 2730 776 2778 in
802 2731 1002 2795 campis,
1028 2733 1116 2780 sed
1134 2733 1183 2780 in
1209 2733 1320 2796 ipsa
1344 2733 1465 2782 urbe
1490 2731 1664 2780 haberi
1693 2731 1856 2780 voluit.
