2112 3288
541 174 606 208 DE
629 172 737 206 REB.
765 172 877 207 vno.
902 173 1010 206 Dnc.
1037 174 1081 206 x.
1108 175 1153 208 L.
1182 174 1263 208 vn.
1503 202 1512 206 ,
1579 162 1672 214 161
1697 214 1700 218 ,

186 295 486 360 sigismundi
511 311 569 344 ac
595 294 828 343 ditionum
855 292 959 341 eius
986 293 1187 342 tutelam
1205 296 1456 358 suscipiat,
1486 296 1676 347 Caesar

185 394 275 429 suo
297 385 515 444 tempore
542 379 748 427 liberum
774 377 1073 442 procurabit,
1113 377 1376 441 ipsumque
1401 379 1676 445 Principem

185 478 245 512 ac
267 463 374 513 eius
399 468 627 528 posteros
655 461 805 511 statui
829 460 1110 525 Principum
1128 460 1343 526 Imperii,
1370 463 1476 513 sine
1504 465 1675 515 suffra-

182 547 266 610 gio
301 552 464 598 tamen
501 553 551 597 et
587 546 823 607 sessione,
850 544 1160 595 inserendum
1188 546 1393 596 curabit.
1423 546 1676 608 Quaecun-

187 645 282 696 que
322 646 463 681 arces
502 647 562 681 ac
586 631 734 681 urbes
762 629 1096 678 communibus
1111 629 1301 679 viribus
1317 634 1677 696 recuperabun-

179 720 274 777 tur,
311 715 535 780 Regibus
561 714 815 778 Vngariae
869 711 1068 762 cedent:
1122 729 1247 777 quae
1296 730 1414 765 vero
1462 718 1677 783 propriis

180 799 330 850 armis
355 799 593 865 Princeps
634 798 872 848 Barbaris
913 797 1182 861 ademerit,
1234 799 1392 864 ipsius
1430 800 1676 868 Principis

180 890 336 947 erunt,
364 885 454 936 sed
480 900 538 934 eo
565 885 670 934 iure
695 889 872 943 tamen,
911 887 965 931 ut
1004 883 1048 931 si
1075 883 1139 931 ad
1164 898 1394 934 coronam
1424 887 1674 951 Vngariae

179 974 326 1020 antea
350 969 684 1034 pertinuerint,
711 982 772 1016 ea
799 966 1024 1030 Regibus
1054 967 1306 1030 Vngariae
1334 969 1574 1037 Princeps
1600 989 1674 1022 re-

181 1054 382 1118 signare
412 1059 650 1114 teneatur,
702 1053 845 1102 simul
895 1057 1043 1116 atque
1100 1051 1212 1100 aliis
1251 1054 1674 1118 aequivalentibus

181 1139 324 1190 bonis
351 1144 704 1205 compensetur.
731 1137 998 1187 Pollicetur
1025 1137 1172 1186 etiam
1186 1135 1376 1188 Caesar
1402 1156 1455 1189 se
1481 1140 1667 1191 Princi-

179 1238 291 1287 pem
326 1223 379 1273 in
417 1223 689 1274 muniendis
726 1221 1026 1271 necessariis
1066 1227 1236 1271 contra
1262 1223 1518 1275 Barbaros
1546 1227 1669 1276 locis

178 1307 452 1358 liberaliter
477 1308 752 1358 adiuturum
778 1320 916 1368 esse;
946 1311 994 1355 et
1019 1306 1246 1370 quoniam
1273 1308 1407 1358 dubii
1433 1316 1546 1360 sunt
1571 1312 1672 1360 bel-

178 1391 334 1441 lorum
361 1393 536 1456 exitus,
563 1394 608 1442 si
633 1393 760 1441 forte
788 1388 937 1455 (quod
963 1406 1103 1439 omen
1129 1392 1371 1457 propitius
1385 1394 1523 1444 Deus
1537 1411 1674 1445 aver-

176 1472 269 1541 tat)
296 1491 356 1526 ea
381 1477 657 1527 necessitas
696 1475 912 1540 Principi
952 1475 1266 1539 Sigismundo
1312 1478 1580 1543 ingrueret,
1617 1485 1669 1531 ut

178 1559 366 1610 viribus
394 1561 663 1612 exhaustus
701 1560 828 1609 tueri
866 1559 1075 1624 amplius
1101 1560 1404 1624 provinciam
1437 1578 1534 1613 non
1560 1580 1670 1629 pos-

179 1649 269 1707 set,
296 1646 385 1696 sed
410 1646 828 1696 invalescentibus
855 1644 1097 1693 Barbaris
1124 1645 1363 1696 excedere
1390 1653 1670 1712 cogeretur,

176 1729 226 1778 in
263 1730 358 1781 hoc
381 1737 600 1782 extremo
625 1730 781 1796 ipsius
803 1744 936 1790 casu,
964 1726 1155 1778 Caesar
1187 1730 1390 1796 eiusque
1416 1748 1667 1783 successo-

176 1831 259 1866 res
285 1822 471 1868 certum
503 1818 554 1867 in
592 1817 705 1868 aliis
744 1815 847 1865 suis
892 1815 1158 1865 ditionibus
1184 1816 1357 1880 locum,
1390 1824 1669 1884 certumque

177 1908 464 1967 proventum
490 1902 751 1966 assignare
776 1899 1035 1961 tenebitur,
1065 1916 1159 1964 quo
1175 1901 1324 1951 vitam
1348 1918 1439 1968 pro
1466 1902 1669 1970 (digni-)

176 1991 278 2038 tate
327 1987 488 2052 possit
527 1986 734 2036 honeste
773 1988 1067 2034 sustentare.
1109 1985 1169 2034 Id
1202 2001 1321 2035 vero
1348 2002 1402 2036 se
1427 1988 1669 2039 facturum

177 2069 368 2121 Caesar
403 2072 641 2137 promittit
671 2072 802 2120 intra
838 2070 1022 2119 mensis
1048 2071 1261 2135 spatium
1286 2088 1340 2120 re
1366 2087 1475 2122 cum
1500 2073 1576 2135 iis,
1605 2074 1669 2124 ad

177 2171 299 2223 quos
323 2156 412 2207 illa
437 2157 732 2207 consultatio
757 2156 985 2221 pertinet,
1013 2156 1379 2206 communicata.
1432 2155 1667 2208 Similiter

177 2242 382 2293 aliorum
421 2258 612 2308 quoque
643 2241 1018 2306 praecipuorum
1060 2257 1120 2290 ex
1153 2242 1367 2306 primore
1407 2244 1665 2294 nobilitate

183 2328 409 2387 virorum,
436 2327 518 2392 qui
545 2327 768 2377 fortunae
796 2326 1036 2376 varietate
1066 2341 1203 2376 suam
1233 2343 1339 2376 cum
1355 2329 1514 2379 salute
1528 2328 1664 2378 Prin—

179 2412 302 2478 cipis
339 2412 416 2462 sui
454 2412 851 2463 communicatam
891 2410 1163 2461 Christiani
1201 2413 1410 2462 nominis
1438 2429 1590 2463 eausa
1615 2414 1664 2463 in

178 2496 436 2546 discrimen
461 2487 765 2559 adduxerint,
792 2512 899 2546 eam
927 2494 1119 2546 Caesar
1133 2512 1223 2562 pro
1241 2512 1331 2546 sua
1364 2498 1662 2548 liberalitate

175 2580 410 2631 rationem
436 2581 649 2636 habebit,
673 2587 725 2631 ut
749 2587 974 2646 paratum
999 2582 1048 2630 in
1076 2581 1340 2632 ditionibus
1356 2583 1473 2641 suis,
1490 2583 1533 2632 si
1549 2583 1664 2647 quid

177 2664 249 2714 eis
274 2665 470 2715 adversi
494 2667 696 2728 accidat,
713 2668 989 2732 perfugium
1016 2672 1064 2716 et
1092 2666 1344 2717 honestam
1363 2667 1661 2717 sublevatio-

176 2766 285 2800 nem
310 2751 373 2800 ab
399 2766 457 2800 eo
482 2751 787 2817 impetraturi
811 2753 924 2802 sint.
953 2753 1064 2803 Has
1092 2753 1393 2802 conditiones
1409 2768 1590 2815 omnes,
1616 2758 1664 2802 et

175 2835 493 2886 instrumento
520 2836 708 2886 solenni
733 2841 782 2887 et
819 2838 1088 2888 iuramento
1114 2838 1352 2901 Princeps
1392 2842 1537 2901 atque
1566 2836 1658 2887 Or-

176 2921 315 2971 dines
343 2921 755 2985 Transylvaniae,
778 2922 886 2986 ipse
911 2937 1028 2971 vero
1057 2920 1249 2972 Caesar
1276 2922 1405 2971 bona
1433 2937 1525 2977 sua
1550 2921 1659 2983 fide,

177 3020 236 3055 ac
262 3022 395 3067 vera,
422 3004 684 3067 Caesarea,
700 3006 953 3070 Regiaque
980 3022 1098 3056 suae
1113 3021 1284 3055 manus
1300 3006 1659 3071 subscriptione

212 3098 361 3125 MONVM.
384 3097 500 3124 HVNG,
523 3098 624 3125 fflS'r.
645 3111 677 3116 —
698 3097 945 3124 SCRIPTORES.
967 3099 1049 3125 xvu
1456 3100 1505 3141 ll
