2112 3288
388 178 492 229 294
918 193 983 227 10.
1009 191 1142 226 nnen
1166 191 1364 226 BARovn

830 403 1060 453 CAPVT
1100 402 1440 462 QVINTVM.

389 524 467 573 De
498 523 716 587 Caspare
741 524 922 572 Kornis
961 522 1193 571 Viennam
1217 522 1370 583 mi330‚
1417 520 1637 584 Tamque
1662 520 1881 585 acPapa

386 608 443 657 in
485 604 811 655 Christianam
849 603 1076 653 ditionem
1113 602 1333 666 redactis,
1373 611 1415 652 et
1452 600 1657 651 Iam-ino
1684 601 1882 667 frustra
1955 600 1958 605 ¹

555 687 558 690 ’
992 694 1281 751 ορραῃηατα

536 806 666 854 Dum
690 805 815 854 haec
851 789 1101 866 geruntur,
1154 802 1344 854 Caesar
1383 805 1673 869 Rudolphus
1711 819 1887 853 novam

393 890 444 939 in
468 888 660 938 Turcas
687 887 1043 952 expeditionem
1069 887 1290 949 adornat,
1332 889 1476 952 eique
1501 887 1888 937 Maximilianum

396 986 568 1022 rursus
593 971 797 1019 fratrem
810 985 1046 1033 praeesse
1064 971 1210 1019 iubet.
1236 971 1314 1019 Ea
1339 987 1393 1020 re
1408 972 1621 1034 cognita,
1646 970 1886 1035 Princeps

398 1052 671 1118 Casparem
698 1053 903 1111 Kornis,
941 1053 1098 1101 virum
1137 1053 1371 1101 senatorii
1409 1053 1593 1102 ordinis
1627 1052 1884 1113 illustrem,

395 1136 731 1201 imprimisque
773 1139 1026 1198 spectatae
1064 1150 1185 1197 erga
1223 1150 1277 1184 se
1303 1135 1417 1184 fidei
1454 1135 1710 1196 hominem,
1742 1135 1892 1184 celer-

397 1220 518 1269 rimo
544 1219 718 1267 itinere
745 1218 987 1268 Viennam
1012 1218 1098 1280 ire,
1132 1218 1434 1282 consiliaque
1461 1216 1696 1268 Caesaris
1722 1217 1889 1282 explo-

398 1318 511 1351 rare
536 1302 684 1351 iubet.
724 1301 848 1350 Erat
884 1302 1128 1350 exercitus
1155 1300 1465 1364 germanicus
1494 1302 1624 1352 omni
1650 1315 1891 1350 armorum

402 1390 547 1449 atque
586 1384 830 1434 hominum
866 1400 1048 1447 genere
1086 1385 1233 1447 longe
1258 1384 1682 1433 instructissimus.
1736 1382 1892 1443 Quem

402 1473 693 1533 apparatum
737 1468 869 1517 haud
907 1468 1182 1532 vulgariter
1219 1468 1586 1517 condecorabat
1623 1473 1672 1518 et
1708 1466 1892 1530 legatio

402 1551 612 1616 persica,
641 1560 765 1614 quae
790 1555 1056 1615 propterea
1083 1551 1148 1599 ad
1162 1547 1432 1599 Caesarem
1455 1550 1768 1615 Rudolphum
1792 1549 1896 1598 mit-

403 1634 615 1693 tebatur,
653 1638 705 1682 ut
745 1633 1027 1697 exploraret
1064 1649 1177 1682 num
1204 1649 1324 1682 vera
1351 1639 1534 1695 essent,
1575 1649 1701 1697 quae
1725 1625 1894 1683 Maho-

404 1721 558 1765 metes
574 1715 846 1765 Turcarum
871 1716 1145 1780 Imperator
1170 1717 1358 1780 passim
1383 1717 1433 1764 in
1471 1721 1575 1766 toto
1605 1717 1792 1766 oriente
1829 1706 1897 1765 di-

411 1803 676 1863 sperserat.
730 1795 891 1862 Capta
929 1799 1055 1847 enim
1082 1798 1239 1861 Agria
1276 1814 1335 1847 ac
1361 1799 1541 1847 Turcis
1577 1799 1714 1848 iuxta
1751 1803 1897 1862 atque

407 1880 672 1931 Christinis
698 1880 816 1942 fuga
844 1881 1066 1944 dilapsis,
1110 1879 1298 1930 Caesar
1336 1881 1589 1930 victoriam
1617 1882 1894 1948 ambiguam

409 1969 542 2013 certo
581 1962 675 2011 sibi
713 1963 1071 2026 assignaverat,
1111 1980 1314 2027 eamque
1351 1965 1495 2013 falsis
1519 1965 1808 2024 rumoribus,
1832 1979 1897 2013 ex

409 2045 678 2110 composito
709 2060 1099 2108 quaquaversum
1127 2046 1379 2110 dispersiS,
1416 2047 1487 2096 ita
1523 2048 1573 2096 in
1613 2048 1899 2096 immensum

411 2129 695 2188 adauxerat,
711 2133 763 2176 ut
775 2128 871 2176 iam
890 2144 1058 2178 omnes
1074 2127 1384 2179 Christianas
1401 2131 1611 2180 ditiones
1631 2131 1720 2180 sub
1734 2130 1900 2193 iugum

410 2226 440 2259 a
465 2225 520 2259 se
546 2210 726 2258 missas
752 2210 970 2272 gloriose
1008 2211 1306 2272 mentiretur,
1345 2228 1436 2260 nec
1460 2212 1611 2261 ullum
1636 2212 1735 2261 iam
1760 2211 1898 2261 Prin-

411 2293 567 2356 cipem
582 2290 912 2340 Christianum
929 2308 1190 2357 superesse
1204 2300 1528 2351 asseveraret,
1545 2294 1695 2358 quise
1708 2294 1893 2344 Musul-

410 2374 567 2423 manis
595 2389 842 2437 opponere
869 2375 1084 2424 auderet.
1114 2374 1212 2424 Sed
1224 2376 1275 2424 id
1289 2376 1438 2439 longe
1451 2376 1769 2425 falsissimum
1784 2391 1896 2426 esse

415 2461 704 2519 conspectus
730 2456 852 2503 tanti
879 2457 1123 2506 exercitus
1137 2458 1284 2505 facile
1297 2457 1465 2506 Persis
1487 2458 1748 2522 persuasit,
1776 2472 1899 2522 quos

414 2538 611 2588 tandem
624 2536 814 2587 Caesar
827 2537 1116 2603 Rudolphus
1133 2555 1222 2603 spe
1249 2540 1379 2589 bona
1404 2525 1673 2605 completos
1701 2540 1899 2605 amplis-

413 2621 633 2684 simeque
659 2621 863 2669 donatos
890 2621 1082 2670 domum
1106 2622 1168 2670 ad
1196 2637 1311 2671 suos
1337 2623 1537 2671 remisit.
1571 2622 1772 2672 Interim
1796 2623 1900 2672 Μ6-

414 2702 691 2752 ximilianus
731 2719 837 2752 cum
877 2705 1030 2768 copiis
1068 2720 1379 2769 progressus„
1408 2705 1587 2755 Tatam
1631 2710 1776 2769 atque
1802 2704 1895 2755 Pa-

415 2802 527 2850 pam
580 2786 724 2850 capit,
774 2786 1116 2851 Iaurinumque
1156 2788 1362 2837 obsidet.
1416 2787 1692 2837 Simulabat
1741 2787 1898 2837 Maxi-

416 2868 642 2917 milianus
670 2869 802 2917 fama
827 2884 897 2929 se,
938 2869 1345 2933 diuturnitateque
1372 2875 1679 2931 commeatus,
1705 2874 1804 2919 tam
1827 2870 1897 2919 in-

422 2950 803 3018 expugnabilem
830 2967 993 3003 arcem
1020 2957 1301 3019 capturum:
1339 2953 1547 3019 ideoque
1586 2952 1820 3016 edixerat,
1851 2957 1916 3004 ut-
