2112 3288
4 3140 11 3153 ι

2 3162 17 3198 ³.

855 151 904 193 ris
927 152 1115 194 ΜυΝκᾹι.
1513 200 1522 203 ἢ
1678 155 1754 198 LV

252 277 369 327 dero
391 294 400 323 :
431 291 546 324 vere
572 276 663 323 hoc
688 274 806 322 mihi
834 273 1003 322 videor
1044 273 1278 332 dictur-lm,
1307 274 1413 320 sine
1440 274 1635 337 leg-ibus
1662 294 1770 326 non⁴

250 360 440 410 domum
480 358 645 419 ullam,
686 375 782 408 non
821 357 1085 413 civitatem,
1125 372 1221 405 non
1248 357 1481 416 ordinem,
1523 375 1617 408 non
1646 377 1756 424 reg-

246 459 372 503 num,
411 460 508 494 non
545 445 827 493 universum
867 456 1025 506 genus
1053 439 1312 500 hominum,
1359 455 1455 489 non
1484 457 1645 493 rerum
1672 462 1754 495 na-

245 533 420 590 turam,
470 528 567 577 imo
594 545 654 577 nc
693 527 852 592 ipsum
895 525 1090 589 quidem
1144 524 1371 574 mundum
1419 531 1554 574 stare
1591 543 1755 591 posse.

246 613 375 663 Nam
401 619 451 662 et
489 612 567 662 hic
606 629 712 662 cum
753 612 818 660 sit
855 625 953 659 una
981 609 1222 674 quaedam
1250 625 1308 658 ac
1355 611 1624 660 communis
1657 613 1756 662 Dei

244 697 589 762 hominumque
615 697 820 746 civitas:
848 696 959 745 Deo
986 700 1217 758 tanquam
1246 709 1433 744 summo
1466 695 1755 762 imperatori

245 798 305 832 ac
350 782 689 846 Legumlatori
727 785 864 830 certa
903 779 1017 842 lege
1055 784 1212 843 paret.
1255 778 1422 839 Quare
1449 780 1624 828 summi
1650 782 1753 844 qui-

245 881 339 932 que
375 867 469 916 viri
507 867 636 916 hanc
675 867 838 930 legum
878 865 1151 914 doctrinam
1191 870 1240 913 et
1278 865 1678 927 cognoscendam
1705 873 1754 915 et

242 950 688 1017 praestantissimis
739 949 1046 1013 ingeniorum
1099 947 1409 998 monimentis
1466 950 1752 1013 posteritati

243 1036 676 1087 commendandam
716 1050 913 1100 semper
953 1033 1317 1082 existimavere.
1359 1035 1415 1083 In
1443 1049 1538 1098 quo
1566 1050 1751 1098 genere

242 1121 287 1170 si
312 1135 565 1171 sacrorum
593 1118 851 1169 authorum
867 1117 1096 1183 exempla
1121 1117 1359 1182 requiris:
1384 1124 1585 1182 praeter
1611 1119 1751 1185 Μογ-

242 1221 372 1265 sem,
424 1220 518 1269 quo
570 1203 897 1268 antiquiorem
946 1219 1037 1251 nec
1088 1202 1429 1266 legislatorem
1467 1202 1617 1253 ullum
1659 1221 1751 1254 nec

243 1290 532 1355 scriptorem
557 1289 797 1338 habemus
815 1306 824 1335 :
842 1287 1174 1351 Augustinum
1200 1288 1343 1349 dab0‚
1373 1288 1748 1340 Tertullianum,

245 1373 562 1440 Cyprianum,
600 1372 871 1422 Arnobium
898 1378 948 1421 et
973 1371 1194 1435 reliquos
1220 1388 1281 1421 ex
1322 1373 1614 1437 antiquitate
1653 1373 1748 1423 Pa-

243 1464 346 1508 tres
372 1462 586 1517 sanctos,
615 1472 740 1521 quos
767 1457 816 1505 in
842 1457 949 1506 iure
976 1456 1120 1505 civili
1141 1457 1453 1506 doctissimos
1479 1457 1635 1507 fuisse
1662 1475 1747 1523 pa-

244 1543 342 1592 lam
368 1548 459 1592 est.
486 1539 540 1590 Si
566 1539 897 1605 Philosophos
936 1541 1121 1590 habere
1147 1541 1286 1605 cupis
1312 1560 1322 1589 ε
1352 1542 1602 1605 proferam
1630 1541 1745 1591 Pla-

241 1633 417 1688 tonem,
457 1625 794 1686 Aristotelem,
835 1625 1074 1674 Phaleam
1114 1623 1513 1685 Chalcedonium,
1555 1627 1742 1693 Hippo-

239 1711 434 1760 damum
457 1709 720 1770 Milesium,
758 1708 987 1759 Solonem
1013 1714 1063 1758 et
1088 1709 1370 1759 Draconem
1396 1709 1744 1773 AthenienseS,

237 1795 520 1861 Lycurgum
580 1794 1038 1855 Lacedaemonium,
1100 1794 1365 1845 Zaleucum
1428 1797 1743 1859 Locrensem,

238 1879 553 1930 Charondam
591 1877 879 1940 Cataneum,
918 1879 1199 1930 Philolaum
1238 1880 1545 1941 Thebanum,
1587 1881 1743 1931 Pitta-

236 1980 358 2027 cum,
398 1963 820 2021 Androdamanta,
863 1969 912 2013 et
949 1964 1029 2013 his
1055 1965 1205 2028 longe
1232 1966 1415 2030 plures,
1452 1966 1536 2030 qui
1561 1967 1742 2031 partim

233 2049 331 2116 ipsi
356 2049 606 2100 salutares
644 2048 1033 2114 Rebuspublicis
1059 2050 1199 2113 leges
1245 2050 1521 2112 condidere,
1560 2052 1741 2116 partim

234 2149 353 2185 vero
379 2134 667 2184 doctissima
693 2134 754 2183 de
779 2134 977 2197 legibus
1004 2134 1223 2184 ferendis
1251 2135 1618 2200 condendisque
1643 2152 1741 2185 mo-

233 2220 448 2269 nimenta
471 2219 732 2283 reliquere.
762 2217 851 2268 sin
880 2224 1042 2268 autem
1074 2219 1267 2284 Regum
1295 2236 1354 2269 ac
1379 2222 1739 2285 Imperatorum

236 2304 585 2363 authoritatem
624 2303 913 2359 desideras:
939 2319 1106 2354 eorum
1135 2319 1252 2355 vero
1292 2306 1342 2354 in
1369 2306 1542 2370 primis
1569 2306 1739 2370 ingen-

238 2394 338 2439 tem
363 2404 471 2440 cum
509 2389 559 2439 in
586 2389 697 2439 aliis
735 2390 920 2453 regnis,
960 2395 1059 2439 tum
1086 2390 1298 2439 maxime
1335 2390 1384 2439 in
1412 2390 1616 2454 imperio
1645 2391 1740 2441 Ro-

233 2489 376 2524 mano
400 2489 653 2524 numerum
678 2490 940 2524 recensere
954 2490 1171 2540 possum.
1202 2475 1270 2524 Hi
1296 2477 1438 2532 enim,
1465 2477 1737 2526 Iustiniano

234 2554 544 2623 Coryphan,
594 2563 780 2609 tantum
806 2559 855 2608 in
894 2559 1163 2609 condendis
1202 2560 1399 2625 legibus
1438 2561 1735 2626 praestitere

233 2642 410 2691 ceteris
449 2642 743 2705 nationibus,
776 2648 828 2693 ut
855 2644 897 2693 si
931 2645 1093 2694 omnia
1119 2646 1328 2696 omnium
1355 2647 1572 2709 gentium
1599 2645 1733 2694 insti-

231 2731 337 2776 tuta
360 2726 411 2775 in
435 2743 580 2777 unum
605 2731 938 2790 conferantur,
965 2746 1070 2779 cum
1085 2730 1163 2779 his
1191 2731 1523 2782 Romanorum
1539 2731 1734 2795 legibus

233 2810 507 2877 prudentia,
544 2799 808 2878 aequitate,
847 2816 1080 2881 pondere,
1132 2818 1373 2877 ubertate,
1426 2831 1735 2879 nequaquam

233 2897 335 2947 ullo
373 2897 516 2947 modo
556 2901 887 2961 comparanda
924 2902 1197 2952 videantur.
1250 2901 1358 2962 Quo
1386 2901 1543 2965 magis
1571 2901 1732 2962 miror,

234 2997 319 3032 cur
346 2983 501 3032 nostri
539 2982 758 3034 homines
795 3002 891 3036 non
932 2988 1088 3037 solum
1126 2993 1385 3053 tantopere
1425 2987 1551 3036 hanc
1577 2991 1731 3036 artem
