2112 3288
409 195 512 245 298
939 210 1002 242 10.
1030 210 1162 243 meon
1186 210 1383 244 BARovn

402 326 563 385 tiatur,
604 326 776 375 evitari
802 340 898 373 non
923 340 1084 388 posse,
1125 326 1237 388 quin
1264 325 1536 377 Catholicis
1574 330 1886 394 posthabitis,

402 408 787 458 Protestantium
813 408 988 470 religio
1013 408 1170 457 indies
1210 410 1367 473 magis
1394 416 1540 474 atque
1566 414 1724 477 magis
1749 415 1885 464 inva-
1931 428 1937 430 ⁷

400 494 570 554 lescat,
610 498 658 542 et
693 492 742 540 in
780 496 883 540 tota
919 491 1120 554 regione
1145 498 1460 557 propagetur.
1512 494 1608 544 His
1633 498 1781 546 rebus
1809 513 1886 547 ac-

401 577 572 640 ceptis,
619 574 893 623 incredibili
931 574 1099 623 dolore
1138 574 1377 639 Princeps
1414 578 1618 626 affectus
1670 585 1759 640 est,
1810 580 1894 644 qui

400 659 563 708 taedio
591 657 959 722 gubernationis
998 672 1255 720 rerumque
1281 659 1499 719 aliarum,
1542 675 1667 723 quae
1707 661 1889 711 charis-

402 742 555 791 simae
581 741 867 791 mortalibus
907 755 1019 790 esse
1060 741 1243 801 solent,
1287 741 1357 790 ita
1394 748 1565 806 captus
1603 744 1788 805 fuerat,
1837 750 1891 794 ut

403 825 626 875 discessu
652 825 749 874 iam
775 824 897 872 nihil
923 815 1169 888 antiquius
1195 823 1410 874 haberet.
1463 822 1566 875 'Sed
1591 831 1755 876 tamen
1783 843 1890 877 cum

402 908 660 958 simulandi
686 909 823 957 iuxta
850 913 996 971 atque
1025 908 1377 967 dissimulandi,
1405 909 1564 971 magis
1591 925 1734 973 quam
1761 910 1890 960 ullus

401 993 540 1052 alius,
567 992 755 1056 peritus
782 996 940 1050 esset,
980 995 1117 1038 tanta
1155 991 1302 1038 animi
1328 991 1659 1053 magnitudine
1698 1007 1889 1043 omnem

400 1079 683 1139 conceptam
708 1075 830 1122 iram
864 1073 1206 1133 dissimulavit,
1244 1078 1296 1121 ut
1333 1074 1518 1122 maiore
1544 1074 1703 1136 etiam,
1747 1091 1891 1139 quam

401 1163 547 1207 antea
587 1172 764 1214 amore,
811 1154 1167 1204 Cancellariam
1206 1156 1439 1220 prosequi
1481 1156 1739 1207 videretur.
1792 1157 1892 1208 Sed
1974 1193 1976 1196 v

398 1242 523 1289 haec
561 1254 618 1287 eo
646 1239 884 1287 duntaxat
920 1238 1135 1287 faciebat
1160 1236 1430 1303 Princeps,
1465 1254 1525 1287 ne
1552 1236 1895 1290 Cancellarius

400 1323 595 1386 cognito
620 1322 839 1371 facinore
866 1336 966 1383 suc,
1007 1323 1085 1370 vel
1110 1322 1410 1385 profugeret,
1448 1321 1526 1370 vel
1552 1323 1819 1386 periculum
1847 1324 1893 1373 ei

400 1406 696 1455 conciliaret.

826 1722 1056 1772 CAPVT
1111 1722 1345 1773 OOTAV
1354 1725 1465 1774 VM.

398 1844 475 1891 De
518 1843 732 1893 Comitiis
781 1844 1021 1890 renovatis
1059 1842 1269 1891 adventu
1306 1843 1603 1907 Leyatorum‚
1654 1851 1887 1906 captoque
1940 1877 1946 1880 -

883 1924 1057 1973 Josilca
1085 1923 1401 1982 Cancellarz'o.

538 2046 818 2120 Legaverat
844 2054 1032 2105 Caesar
1057 2055 1347 2120 Rudolphus
1384 2055 1433 2104 in
1472 2055 1888 2121 Transylvaniam

398 2140 697 2205 Stephanum
724 2141 961 2189 Zuhaium
987 2140 1285 2204 Episcopum
1313 2139 1608 2189 Vaciensem
1634 2154 1693 2187 ac
1719 2137 1889 2190 Game-

396 2240 480 2274 rae
508 2224 793 2287 Vngaricae
817 2224 1138 2284 Praefectum,
1165 2224 1321 2272 virum
1347 2224 1632 2287 sapientem,
1659 2223 1889 2272 Francis-

402 2322 507 2356 cum
558 2307 861 2356 Nadasdium
891 2306 1128 2356 Comitem
1171 2305 1509 2366 Castriferrei,
1548 2310 1597 2354 et
1632 2303 1888 2354 Bartholo-

399 2404 587 2438 maeum
616 2388 906 2449 Pezzenum‚
949 2389 1068 2437 iuris
1109 2390 1359 2452 utriusque
1385 2389 1663 2437 Doctorem.
1713 2388 1793 2436 Ex
1823 2387 1886 2436 iis

397 2473 679 2523 Nadasdius
705 2473 874 2522 morbo
902 2457 1156 2536 correptus
1183 2472 1395 2522 Posonio
1424 2472 1613 2534 domum
1638 2471 1796 2532 rediit,
1829 2485 1888 2519 ac

398 2571 487 2620 pro
526 2570 582 2604 eo
609 2556 843 2605 Nicolaus
881 2555 1086 2604 Istvanfi
1112 2555 1469 2604 Locumtenens
1496 2555 1750 2603 Palatinus
1787 2553 1915 2602 Vn->

398 2639 571 2703 garia'e
596 2639 773 2688 missus
801 2644 887 2687 est.
915 2638 983 2687 Hi
1008 2643 1122 2703 post
1147 2639 1344 2700 longam
1370 2638 1738 2700 taediosamque
1761 2635 1887 2685 ordi·
1976 2661 1981 2663 -

398 2738 510 2771 num
538 2723 938 2786 expectationem,
966 2722 1207 2770 advenere
1221 2721 1416 2770 tandem
1441 2721 1491 2769 in
1507 2719 1716 2770 Comitia
1742 2719 1805 2767 ad
1818 2720 1884 2768 II.

398 2806 525 2854 diem
551 2804 754 2869 Aprilis,
782 2805 1041 2868 magnifica
1066 2804 1329 2854 Procerum
1354 2819 1533 2868 pompa
1563 2801 1769 2866 excepti.
1806 2801 1885 2850 Ex
1932 2850 1941 2854 ,

398 2887 460 2937 iis
485 2894 648 2937 tamen
673 2889 911 2937 Nicolaus
937 2888 1155 2948 Istvanfi,
1195 2887 1270 2935 vir
1309 2891 1356 2935 et
1382 2885 1563 2935 aetatis
1600 2885 1798 2943 honore,
1838 2886 1887 2931 et

397 2986 577 3034 magna
626 2987 786 3022 rerum
837 2970 1163 3040 experientia,
1212 2968 1705 3036 incomparabilisque
1754 2965 1885 3016 illius
