2112 3288
593 157 596 160 ,
631 133 696 165 DE
723 130 829 163 BER.
856 128 967 163 VNG.
995 131 1104 164 mec.
1135 132 1201 166 xl.
1228 132 1272 165 L.
1312 133 1362 165 11.
1510 154 1518 157 N
1652 117 1755 171 309

535 612 848 678 LIBER
920 612 1472 680 SECVNDVS.

718 844 954 896 OAPVT
993 844 1286 897 PRIMVM.

325 968 404 1017 De
428 966 732 1032 expeditione
758 966 1068 1017 clancularia
1094 966 1328 1016 adversus
1355 966 1618 1016 laurinum
1644 984 1676 1015 a

728 1050 1024 1100 Christianis
1049 1059 1285 1115 suscepta.

382 1171 597 1236 Excepit
623 1171 815 1220 tristem
840 1170 974 1220 hanc
1000 1170 1242 1220 actionem
1268 1170 1604 1220 faustissimus
1632 1186 1753 1220 nun-

236 1256 336 1306 tius
375 1256 436 1305 de
474 1260 619 1321 capto
645 1255 860 1315 IaurinO,
901 1254 1031 1319 quod
1069 1254 1245 1304 iisdem
1286 1255 1460 1304 diebus
1490 1254 1751 1319 Adolphus

240 1338 420 1390 Comes
431 1338 970 1400 Schwarzenburgicus
987 1343 1035 1387 et
1049 1339 1286 1389 Nicolaus
1303 1338 1489 1388 Palfius
1513 1339 1638 1388 mira
1654 1339 1751 1388 Dei

236 1424 554 1490 providentia
592 1439 652 1473 ac
689 1423 933 1486 singulari
971 1427 1328 1486 stratagemate
1366 1424 1417 1472 in
1454 1428 1750 1488 potestatem

240 1506 634 1558 Christianorum
649 1507 905 1570 redegere.
921 1508 1136 1557 Tentata
1162 1507 1288 1556 enim
1301 1508 1440 1556 irrito
1467 1512 1644 1557 conatu
1669 1523 1753 1572 op-

234 1593 539 1658 pugnatione
563 1592 765 1651 Iaurini‚
805 1597 1011 1657 accepta
1047 1607 1145 1641 non
1184 1592 1367 1655 exigua
1403 1591 1561 1652 clade,
1589 1590 1751 1640 Comi-

234 1683 332 1727 tem
359 1676 915 1740 Schwarzenburgicum
943 1679 1220 1742 Imperator
1259 1677 1319 1726 ad
1362 1692 1417 1726 se
1468 1682 1749 1737 vocaverat,

235 1777 441 1827 eumque
466 1761 637 1826 Praga
678 1762 743 1812 ad
770 1767 991 1825 stragem
1017 1761 1259 1810 Barbarie
1289 1775 1577 1825 quocunque
1603 1760 1746 1809 modo

235 1845 543 1895 inferendam
579 1846 759 1895 faustis
788 1846 1031 1895 ominibus
1072 1861 1258 1895 summo
1299 1861 1406 1894 cum
1443 1844 1650 1909 imperio
1695 1845 1747 1892 in

235 1929 515 1994 Vngariam
542 1931 884 1994 ablegaverat.
935 1931 988 1978 Is
1028 1945 1212 1978 memor
1262 1928 1493 1987 mandati,
1532 1927 1747 1977 animad-

234 2028 383 2063 verso
409 2018 642 2077 quantum
678 2013 886 2077 periculi
918 2030 948 2062 a
968 2013 1310 2062 Iauriensibus
1338 2011 1519 2060 Turcis
1545 2027 1643 2060 non
1669 2027 1745 2060 so-

233 2098 333 2146 lum
358 2096 583 2161 reliquiis
605 2090 875 2160 Vngariae,
915 2097 1005 2145 sed
1031 2095 1179 2145 etiam
1216 2096 1308 2145 toti
1336 2093 1638 2144 Germaniae
1674 2095 1744 2143 in-

233 2181 500 2242 cumberet,
529 2196 717 2230 omnem
745 2180 894 2229 animi
919 2180 1239 2230 intentionem
1265 2180 1330 2229 ad
1356 2180 1461 2228 eius
1491 2195 1741 2244 expugna-

232 2265 415 2315 tionem
454 2264 707 2330 applicare
748 2264 936 2314 statuit.
979 2267 1156 2329 Itaque
1183 2262 1447 2315 Comarum
1473 2264 1742 2329 profectus,

230 2349 282 2398 in
306 2347 358 2397 id
380 2347 621 2413 imprimis
652 2349 783 2398 omni
810 2364 928 2398 cura
967 2353 1115 2412 atque
1142 2348 1405 2411 vigilantia
1430 2346 1663 2408 incubuit,
1690 2352 1743 2396 ut

228 2438 524 2483 tormentum
560 2432 683 2483 illud
718 2427 937 2497 ligneum
977 2450 1007 2482 a
1033 2433 1245 2482 Francis
1284 2431 1493 2497 primum
1519 2431 1741 2480 mirando

227 2530 433 2582 prorsus
461 2516 671 2565 artificio
717 2517 796 2567 his
822 2517 1064 2582 proximis
1104 2517 1247 2566 annis
1283 2516 1549 2576 inventurn,
1591 2530 1736 2579 quam

226 2604 401 2666 posset
427 2600 759 2650 occultissime
787 2601 1137 2651 conficiendum
1167 2605 1376 2659 curaret,
1404 2599 1539 2648 cuius
1566 2598 1737 2662 impin-

228 2684 390 2748 gendi.
408 2699 535 2748 quae
561 2684 627 2733 sit
651 2685 795 2748 ratiO,
820 2702 912 2735 nec
938 2687 1034 2735 nisi
1061 2703 1091 2736 a
1117 2684 1432 2750 paucissimis
1448 2683 1614 2744 scitur,
1641 2698 1732 2730 nec

225 2767 270 2815 si
295 2767 413 2816 sciri
438 2768 587 2816 etiam
612 2773 798 2831 posset,
826 2770 1038 2834 publicis
1065 2769 1319 2818 literarum
1345 2765 1654 2815 monimentis
1670 2765 1735 2814 ad

224 2850 449 2900 notitiam
475 2851 735 2901 multorum
748 2854 1123 2918 propagandum
1149 2852 1414 2901 videretur.
1445 2849 1558 2899 Hoc
1582 2848 1733 2912 igitur

225 2939 468 2985 tormento
508 2935 747 2998 confecto,
786 2937 994 2988 alterum
1032 2938 1083 2987 id
1119 2937 1224 2993 fuit,
1263 2935 1312 2984 in
1341 2949 1436 3000 quo
1464 2937 1733 2997 satageret,
