2112 3288
563 165 628 198 m:
654 164 762 197 REB.
792 164 905 197 vno.
935 164 1046 197 nno.
1075 165 1122 197 x.
1152 165 1196 198 L.
1224 166 1306 198 vn.
1521 201 1527 204 ,
1608 150 1715 218 153,

206 285 278 335 sis
304 289 354 334 et
377 283 742 335 coniunctarum
765 279 816 329 in
833 278 1019 329 Suevia
1044 285 1094 329 et
1119 279 1281 330 Rheni
1307 285 1469 330 tractu
1484 280 1710 332 Austria·

207 382 374 418 carum
399 366 651 430 regionum
681 362 936 413 successit.
953 363 1323 412 Ferdinandum
1339 360 1707 430 secutusssestX.

206 449 470 501 Februarii
494 449 738 498 Ernestus
767 445 1062 496 Archi-Dux
1089 444 1337 500 Austriae,
1354 445 1595 497 Caesaris
1617 448 1712 497 Ro-

207 533 379 599 dolphi
403 533 575 593 frater,
604 530 925 582 Gubernator
950 531 1130 594 Belgio
1146 544 1322 579 recens
1349 532 1414 580 ab
1430 531 1708 594 Hispaniae

204 633 325 682 rege
348 618 648 683 praefectus,
690 631 784 680 quo
811 615 961 680 paulo
1001 620 1117 664 ante
1157 616 1380 664 evocatis
1407 615 1573 677 Belgii
1599 631 1711 680 pro-

205 701 403 752 ceribus
429 701 612 750 bellum
637 700 688 749 in
717 697 889 749 Gallia
925 705 1098 749 contra
1135 714 1306 762 regem
1333 699 1713 750 Navarraenum

206 786 586 843 continuandum
614 785 918 833 decreverat.
949 784 1123 833 Mense
1138 784 1321 834 Martio
1348 785 1547 834 ineunte
1563 784 1712 834 Amu-

205 870 377 920 rathes
404 869 607 919 Tertius
636 869 912 918 Turcarum
938 869 1233 933 Imperator,
1261 868 1450 934 Selymi
1462 869 1610 931 filius,
1628 867 1713 919 So-

214 953 439 1019 lymanni
449 953 627 1017 Magni
643 967 814 1017 nepos,
830 951 1012 1015 partim
1027 951 1352 1002 acerbissimo
1369 952 1555 1012 dolore,
1571 968 1714 1017 quem

208 1053 272 1087 ex
323 1037 788 1103 Transylvanorum
827 1036 1103 1086 defectione
1153 1036 1476 1101 percipiebat,
1528 1038 1710 1101 partim

205 1138 325 1173 vero
351 1122 703 1173 ardentissima
727 1123 868 1172 febre
893 1122 1066 1183 victus,
1085 1121 1282 1172 foedam
1309 1122 1520 1171 animam
1545 1122 1598 1170 in
1615 1127 1716 1171 tar‘

206 1212 318 1256 tara
343 1198 546 1256 efflavit.
575 1205 856 1271 Purpurati,
882 1221 945 1255 ne
972 1222 1032 1255 ea
1058 1220 1141 1254 res
1167 1205 1329 1254 facem
1354 1206 1505 1255 rebus
1534 1206 1708 1256 Turci-

205 1292 278 1341 cis
287 1290 475 1355 alioqui
489 1295 570 1341 sat
576 1291 785 1355 perditis
801 1290 1023 1351 adderet,
1038 1290 1207 1339 missis
1224 1290 1488 1340 confestim
1503 1290 1617 1339 aliis
1636 1305 1714 1339 su-

210 1391 302 1442 per
318 1376 445 1425 alios
462 1375 669 1436 nunciiS,
703 1375 1049 1437 Mahometem,
1077 1375 1459 1439 primogenitum
1475 1373 1713 1425 Caesaris

207 1459 598 1522 filium,XXXII
613 1474 852 1510 annorum
864 1460 1090 1509 iuvenem
1105 1460 1485 1523 magnanimum,
1500 1458 1715 1509 exAma-

217 1544 293 1594 sia
307 1542 791 1606 Constantinopolim
808 1548 1141 1604 accerserunt,
1158 1543 1388 1608 etpaucis
1403 1543 1597 1592 omnino
1626 1542 1722 1594 dis-

210 1627 539 1678 sentientibus
564 1641 660 1676 uno
700 1642 870 1676 omnes
916 1642 1129 1676 assensu
1155 1627 1409 1676 demortuo
1448 1627 1582 1692 patri
1606 1627 1718 1676 sub-

208 1712 426 1762 stituunt.
442 1711 599 1761 Movit
613 1726 820 1775 magnas
838 1709 961 1761 haec
972 1710 1297 1776 Imperatoris
1313 1710 1515 1760 mutatio
1530 1711 1582 1759 in
1594 1710 1718 1759 urbe

207 1797 396 1857 turbaS,
448 1795 642 1860 quando
681 1795 901 1845 Ianizari
938 1794 1333 1860 praescriptione
1361 1794 1575 1844 diuturni
1599 1799 1718 1844 tem-

209 1880 347 1947 poris
371 1879 502 1941 freti,
530 1894 637 1928 cum
662 1879 777 1929 aliis
803 1879 1022 1940 urbanis,
1060 1883 1163 1929 tum
1176 1878 1391 1928 maxime
1428 1879 1628 1929 Iudaeis
1660 1894 1720 1928 ac

215 1963 446 2027 Graecis,
486 1964 765 2028 ceterisque
804 1962 1145 2014 Christianam
1194 1963 1487 2027 religionem
1527 1969 1719 2013 sectan-

214 2050 364 2111 tibus,
390 2049 652 2113 plurimum
678 2049 960 2099 detrimenti
985 2049 1269 2110 intulerunt,
1295 2050 1620 2114 fortunasque
1647 2050 1720 2098 di-

214 2134 393 2185 tiorum
419 2147 509 2197 pro
536 2131 683 2183 solito
711 2148 846 2182 more
873 2133 1196 2198 diripuerunt.
1227 2133 1554 2195 Mahumetes,
1581 2137 1718 2183 ante-

216 2232 363 2283 quam
399 2216 532 2282 patri
556 2232 648 2282 pro
676 2217 870 2266 solenni
897 2231 1033 2266 more
1060 2216 1195 2266 iusta
1220 2217 1548 2281 persolueret,
1577 2233 1608 2266 a
1635 2217 1717 2266 do-

214 2301 422 2352 mestica
481 2301 775 2351 crudelitate
839 2301 1193 2366 auspicandum
1254 2301 1513 2367 imperium
1564 2306 1721 2363 ratus,

215 2387 399 2436 fratres
425 2400 596 2435 omnes
622 2402 654 2435 a
678 2390 824 2451 patre
852 2386 1049 2450 genitos
1081 2385 1307 2450 conquiri
1355 2386 1515 2435 iussit.
1569 2386 1723 2437 Aiunt

215 2476 477 2536 tyrannum
525 2470 867 2520 misericordia
892 2476 1088 2532 tactum,
1114 2470 1430 2535 naturalique
1455 2471 1505 2520 in
1532 2471 1718 2521 fratres

220 2564 386 2604 amore
399 2559 594 2616 motum,
610 2555 812 2606 caedem
825 2571 993 2605 eorum
1008 2555 1326 2621 deprecatum
1342 2569 1468 2616 esse,
1487 2570 1592 2604 cum
1607 2571 1718 2619 par-

220 2638 422 2688 cendum
437 2638 499 2687 iis
525 2654 651 2701 esse,
679 2640 885 2690 etaliter
899 2639 1156 2690 ambitioni
1170 2654 1339 2690 eorum
1366 2638 1719 2688 occurrendum

220 2722 407 2772 diceret
430 2722 542 2771 Non
551 2722 726 2773 deesse
735 2724 832 2774 sibi
841 2725 1009 2774 varias
1017 2718 1502 2788 regiones,(quo)eos
1517 2721 1722 2785 diligen-

219 2805 410 2855 tissime
419 2806 767 2856 custodiendos
782 2809 1057 2871 ablegaret,
1067 2809 1210 2858 modo
1223 2823 1285 2857 ne
1300 2806 1548 2856 crudelem
1557 2820 1725 2854 eorum

222 2890 423 2941 caedem
450 2895 679 2955 spectare
705 2899 981 2957 cogeretur.
999 2893 1099 2943 Sed
1126 2893 1284 2942 victus
1312 2896 1389 2940 est
1415 2890 1612 2939 tandem
1628 2906 1725 2939 am-

221 2975 432 3031 bitiosus
478 2976 676 3040 tyranni
714 2977 903 3029 animus
942 2978 1159 3033 unanimi
1199 2976 1590 3041 Purpuratorum
1635 2973 1723 3024 ali-
