2112 3288
562 193 625 229 DE
650 195 756 229 nnn.
782 194 894 229 vus.
921 194 1031 230 nne.
1057 196 1104 230 x.
1132 196 1176 231 L.
1203 197 1268 231 1x.
1514 203 1522 206 ·
1553 181 1659 234 207
1706 216 1710 220 ·

170 312 416 365 nationum
442 311 715 373 discrimen,
741 328 772 360 a
799 312 971 376 quibus
1002 310 1322 379 Transylvan
1333 315 1429 364 iam
1468 315 1655 366 inhabi-

170 397 268 449 tari
292 412 446 462 supra
474 396 764 446 dixeramus.
793 424 859 430 —-
888 397 1015 446 Nam
1046 396 1199 447 Siculi
1227 413 1392 448 omnes
1423 399 1486 449 ad
1510 416 1655 450 unum

165 481 345 534 viritim
377 497 514 531 arma
540 496 716 546 capere
743 480 878 530 iussi.
907 481 987 530 Ex
1014 479 1308 543 Saxonibus,
1345 484 1579 548 Vngaris,
1605 491 1654 534 et

167 563 406 616 Valachis
431 565 467 614 ii
491 571 690 625 tantum,
731 566 813 631 qui
849 566 1099 626 vicenarii,
1138 567 1340 630 denarii,
1381 569 1652 634 quinariive

163 650 343 700 nummi
379 649 477 699 vim
502 650 566 699 ad
591 649 772 700 bellum
801 656 934 701 sorte
962 651 1228 702 consiliove
1255 653 1547 703 obtulerant.
1585 653 1654 704 Hi

163 748 330 785 omnes
355 739 617 799 postquam
642 734 693 783 in
719 750 863 784 unum
890 736 1046 785 coacti
1073 741 1198 798 sunt,
1238 736 1406 787 habito
1446 737 1651 801 delectu,

160 818 496 870 instrumentis
523 818 716 869 bellicis
742 820 981 883 instructi,
1011 826 1058 870 et
1085 822 1167 885 qui
1192 837 1313 886 prae
1346 821 1550 887 reliquis
1577 839 1652 873 ar-

162 905 254 977 mis
279 902 552 953 tractandis
586 904 794 954 maxime
832 904 995 954 idonei
1031 906 1127 955 visi
1155 911 1277 967 sunt,
1318 906 1367 955 in
1393 907 1526 958 acies
1555 908 1649 958 dis-

159 989 342 1039 tributi.
393 986 573 1051 Octeri,
615 990 696 1054 qui
723 991 801 1039 vel
837 995 1012 1051 aetate,
1052 990 1131 1040 vel
1172 992 1269 1042 alio
1332 994 1525 1043 nomine
1564 994 1647 1043 mi-

157 1092 248 1128 nus
264 1077 378 1151 ¹apti
402 1073 603 1125 iudicati
628 1080 753 1138 sunt,
781 1092 811 1125 a
837 1075 1194 1139 diremtoribus,
1224 1077 1415 1128 domum
1439 1079 1647 1129 remissi.

579 1363 810 1417 CAPVT
849 1364 1221 1418 SEPTIMVM.

386 1487 462 1536 De
487 1486 670 1538 Siculis
686 1489 929 1551 pristinae
957 1487 1166 1538 libertati
1191 1491 1434 1538 restitutis.

292 1585 516 1635 Peractis
543 1586 711 1635 statim
736 1585 919 1650 nuptiis
946 1585 1166 1635 edixerat
1183 1584 1422 1651 Princeps
1450 1583 1644 1645 Siculis,

153 1674 206 1720 ut
230 1670 385 1735 primo
415 1683 605 1734 quoque
631 1673 849 1733 tempore
877 1684 1013 1718 arma
1041 1676 1286 1733 caperent,
1315 1675 1363 1719 et
1391 1685 1453 1719 ex
1479 1669 1644 1734 singu-

154 1754 217 1804 lis
252 1754 452 1804 sedibus
480 1769 583 1804 cum
611 1757 860 1812 vocantur,
889 1753 938 1802 in
965 1759 1132 1803 castra
1146 1753 1392 1819 Principis
1407 1769 1641 1819 propera-

157 1844 279 1890 rent.
306 1838 390 1888 Illi
417 1853 523 1888 cum
537 1837 743 1903 primum
759 1837 951 1902 quidem
975 1838 1026 1886 in
1041 1837 1158 1887 sede
1173 1836 1475 1888 Marusiensi
1501 1839 1642 1890 coiis-

158 1929 292 1986 sent,
320 1939 528 1989 coepere
555 1923 615 1972 de
641 1923 886 1985 libertate,
916 1938 1058 1988 quam
1081 1928 1228 1973 antea
1242 1923 1431 1973 duabus
1458 1923 1641 1973 aPrin-

157 2009 264 2073 cipe
302 2008 507 2070 Ioanne,
553 2007 914 2073 Stephanoque,
967 2008 1320 2058 defectionibus
1360 2008 1640 2066 amiserant,

156 2091 504 2158 recuperanda,
532 2092 764 2156 cogitare,
794 2097 842 2141 et
866 2108 956 2157 pro
982 2107 1116 2141 more
1143 2092 1306 2156 gentis
1344 2093 1557 2142 ferocius
1583 2107 1638 2141 se

155 2194 276 2242 erga
312 2176 618 2227 nobilitatem
656 2192 844 2239 gerere.
885 2177 962 2225 Ea
993 2192 1047 2226 re
1074 2176 1273 2240 cognita
1301 2175 1552 2242 Princeps,
1579 2192 1639 2226 ne

150 2268 308 2313 motus
334 2275 499 2312 eorum
538 2262 588 2310 in
625 2253 870 2326 publicum
898 2261 1151 2311 dissidium
1186 2267 1473 2326 erumperet,
1510 2266 1640 2311 metu

150 2346 420 2397 nobilitatis
458 2345 603 2395 iussit
642 2360 726 2395 eos
767 2346 956 2395 domum
993 2346 1170 2395 redire.
1212 2345 1526 2396 Recusavere
1564 2347 1639 2396 illi

147 2431 427 2482 mandatum
475 2430 734 2496 Principis,
788 2436 835 2480 et
884 2431 1078 2481 emissis
1118 2431 1181 2481 ad
1220 2447 1327 2481 eum
1365 2448 1391 2481 e
1436 2447 1635 2482 numero

79 2580 83 2583 μ
146 2532 343 2567 suorum
379 2516 593 2577 nunciiS,
634 2531 748 2566 sese
786 2517 978 2566 omnino
1016 2517 1065 2566 in
1108 2522 1273 2567 castra
1305 2522 1537 2567 venturos
1588 2522 1637 2566 et

143 2601 336 2652 fidelem
361 2599 579 2666 Principi
604 2615 803 2666 operam
829 2606 1098 2652 navaturos
1125 2602 1477 2665 significarunt.
1495 2600 1633 2649 Prin-

145 2701 262 2751 ceps
287 2683 465 2749 partim
490 2684 608 2734 belli
633 2686 944 2748 necessitate,
990 2687 1165 2751 partim
1205 2702 1322 2735 vero
1363 2691 1634 2750 spontanea

149 2770 423 2821 Siculorum
474 2770 728 2820 alacritate
780 2771 965 2833 ductus,
1016 2772 1181 2820 missis
1228 2771 1290 2820 ad
1329 2785 1413 2820 eos
1451 2769 1631 2833 legatis

142 2853 441 2905 Balthasare
466 2853 708 2917 Bogathio
734 2860 782 2904 et
796 2854 1046 2921 Stephano
1074 2855 1264 2915 Toldi0‚
1292 2853 1629 2919 promptitudi-

143 2939 255 2990 nem
295 2951 458 2988 eorum
499 2938 689 3000 laudat,
730 2944 778 2988 et
813 2945 866 2989 ut
903 2940 1126 2990 collectis
1165 2939 1228 2988 ad
1266 2954 1402 2987 arma
1450 2937 1628 2987 viritim

144 3024 366 3076 omnibus
393 3023 442 3071 in
468 3027 633 3072 castra
661 3024 871 3085 veniant,
909 3026 1009 3075 illis
1037 3025 1194 3078 edicit,
1232 3024 1300 3072 ita
1315 3022 1468 3072 Siculi
1480 3022 1626 3072 unde-
