2112 3288
600 191 664 224 DE
690 190 797 224 REB.
822 189 935 223 vno.
963 188 1072 222 nnc.
1100 189 1147 223 x,
1175 190 1219 222 L.
1247 189 1314 223 111.
1544 217 1551 220 ,
1643 175 1710 224 59
1736 231 1740 236 ,

215 315 398 377 petunt,
423 324 515 358 nec
540 307 583 356 si
609 322 669 356 66
696 310 1074 369 consequantur,
1112 305 1200 354 ulli
1227 320 1437 369 unquam
1464 306 1607 353 finem
1635 315 1708 352 611·-

212 393 410 461 piditati
435 406 601 441 eorum
627 389 826 439 faciunt.
878 388 958 437 An
1010 389 1153 437 nobis
1193 388 1390 447 excidit,
1429 405 1572 452 quam
1601 390 1711 436 sub-

214 479 328 529 dola
351 476 555 537 ratione,
582 473 976 540 adpendendum
1003 473 1172 523 codem
1201 489 1328 522 anno
1356 474 1535 538 duplex
1562 473 1713 522 tribu·

211 567 312 613 tum
338 559 494 626 (quod
519 574 766 623 nunquam
792 563 940 608 611166
965 557 1114 608 fando
1143 557 1360 607 auditum
1383 552 1509 621 fuit),
1542 556 1710 606 nescio

212 655 310 712 qua
332 645 521 694 dierum
545 642 932 704 intercalatione,
983 658 1046 691 ex
1072 641 1241 691 decem
1282 641 1426 691 annis
1465 640 1713 689 solaribus

210 733 433 782 lunarem
456 743 604 778 unum
628 727 870 792 reliquum
910 726 1271 790 confingentes,
1324 742 1466 791 quem
1505 742 1536 775 a
1571 724 1714 773 nobis

212 814 618 883 praetermissum
644 811 998 862 contenderant
1024 826 1151 871 esse,
1177 809 1594 876 importunissime
1620 823 1713 858 nos

212 897 502 966 coegerint?
528 897 659 959 Quid
684 902 845 946 autem
872 912 970 946 non
997 896 1216 955 fecimus,
1242 901 1296 945 ut
1323 894 1598 960 exemplum
1623 893 1718 942 hoc

212 983 329 1053 (non
353 983 520 1049 ignari
543 981 693 1031 moris
722 996 890 1030 eorum
914 980 964 1029 in
991 979 1252 1029 servandis
1276 978 1352 1040 iis,
1399 994 1526 1042 quae
1564 977 1717 1026 semel

164 1094 166 1096 ’
187 1061 193 1069 ’
211 1086 405 1138 quoque
430 1068 574 1119 modo
599 1062 894 1131 invenerint)
922 1080 1226 1125 caveremus,
1267 1080 1374 1114 cum
1399 1064 1481 1113 vel
1507 1079 1564 1112 60
1591 1063 1714 1126 ips0,
1751 1084 1755 1090 *

211 1155 342 1222 quod
364 1154 599 1204 tributum
626 1152 784 1216 ipsum
824 1154 1075 1214 aequaret,
1116 1149 1449 1199 redimendum
1486 1147 1535 1196 id
1573 1146 1715 1196 nobis

210 1236 612 1305 susciperemus?
663 1235 752 1284 sed
777 1235 1132 1298 necquicquam
1158 1234 1278 1283 fiunt
1304 1234 1480 1295 omnia,
1519 1233 1603 1282 ubi
1642 1248 1716 1281 sc-

209 1325 306 1375 mel
330 1323 382 1372 111
408 1325 646 1385 concepta
673 1319 734 1368 de
761 1335 815 1367 re
842 1319 1011 1382 aliqua
1026 1318 1282 1375 sententia,
1307 1319 1356 1368 in
1371 1318 1533 1367 odium
1548 1315 1717 1366 Chris-

208 1411 453 1462 tianorum
489 1406 822 1456 induruerunt.
874 1406 978 1454 Iam
1030 1419 1147 1454 vero
1185 1404 1235 1453 in
1273 1405 1360 1454 illa
1400 1405 1459 1453 de
1480 1403 1718 1452 limitibus

209 1493 563 1553 controversia,
591 1490 707 1556 quid
727 1490 873 1554 aequi
899 1505 1113 1554 unquam
1152 1490 1402 1540 consecuti
1441 1503 1607 1539 sumus
1652 1486 1715 1536 ab

208 1581 284 1632 eis
299 1580 324 1630 ‘t‘
350 1579 595 1630 Viderunt
606 1577 700 1626 hoc
713 1590 882 1625 omnes
909 1575 1054 1638 aequi
1080 1580 1129 1624 et
1154 1574 1320 1639 iniqui,
1334 1574 1516 1624 limites
1530 1573 1594 1622 ad
1609 1587 1716 1621 eam

206 1664 482 1725 formulam,
510 1676 608 1726 qua
631 1660 770 1710 iussu
790 1657 1078 1724 Solymanni
1093 1658 1334 1724 descripti
1349 1660 1478 1720 olim,
1493 1663 1543 1708 et
1558 1658 1715 1706 Tran-

208 1748 498 1816 sylvanicae
518 1743 696 1809 ditioni
717 1743 940 1793 attributi
977 1744 1198 1804 fuerunt,
1249 1759 1363 1794 6666
1400 1742 1717 1807 redigendos,

206 1835 354 1900 idque
377 1836 432 1883 ut
453 1831 609 1891 fieret,
636 1828 804 1879 missis
843 1828 1111 1892 aliquoties
1151 1829 1355 1888 nunciis,
1396 1828 1623 1894 datisque
1649 1828 1712 1876 ad

207 1933 295 1970 eos
319 1916 494 1979 literis,
522 1914 699 1980 quibus
726 1929 787 1964 ea
813 1927 933 1963 cura
960 1912 1258 1963 demandata
1291 1914 1399 1975 fuit,
1440 1930 1537 1964 non
1564 1912 1717 1963 semel

209 2003 536 2071 perfecerunt,
563 2000 653 2050 sed
679 2015 739 2049 60
761 2003 948 2048 1611111111
974 2002 1253 2063 praetextu,
1279 2003 1332 2048 ut
1357 1999 1615 2064 promissis
1642 1999 1712 2047 fa-

209 2089 368 2155 tigati,
395 2092 444 2137 et
467 2099 600 2136 vana
626 2100 716 2150 spe
744 2083 917 2145 delusi,
945 2099 1052 2133 cum
1078 2099 1324 2147 nunquam
1351 2084 1712 2148 tergiversandi

209 2175 284 2224 eis
310 2161 528 2223 rationes
556 2171 800 2230 deessent,
832 2185 862 2219 a
888 2174 1063 2234 coepto
1090 2168 1287 2235 tandem
1314 2170 1441 2219 ultro
1457 2170 1718 2219 desistere-

208 2273 330 2308 mus.
378 2257 459 2306 Ita
494 2270 623 2305 nunc
664 2263 858 2318 quoque
896 2268 957 2302 ea
995 2267 1078 2302 res
1117 2252 1316 2316 integra
1340 2253 1484 2303 nobis
1512 2269 1616 2303 cum
1645 2254 1717 2303 616

207 2347 386 2404 manet,
411 2340 546 2391 nullo
573 2339 671 2390 alio
699 2343 892 2400 eventn,
920 2353 1080 2402 quam,
1123 2338 1193 2387 uti
1231 2338 1489 2389 continuas
1528 2340 1588 2388 de
1613 2345 1717 2389 tan-

212 2428 278 2478 tis
302 2426 613 2476 finitimorum
640 2425 917 2474 Turcarum
943 2422 1150 2484 iniuriis,
1179 2439 1287 2474 cum
1312 2424 1428 2486 risu,
1469 2430 1518 2474 61
1557 2425 1718 2474 delec-

218 2511 404 2562 tatione
428 2525 610 2569 eorum,
638 2507 989 2574 expostulandi
1003 2508 1589 2560 occasioncshabeamus.
1606 2509 1717 2570 Qua

209 2610 328 2646 vcro
354 2611 566 2659 unquam
591 2595 642 2644 in
679 2611 734 2644 re
772 2594 1075 2659 aequitatem
1113 2609 1295 2657 eorum,
1335 2601 1419 2645 aut
1445 2596 1594 2645 animi
1621 2610 1718 2644 mo-

213 2680 518 2731 derationem
543 2679 889 2745 perspeximus
905 2677 1002 2729 9111
1016 2694 1076 2729 66
1103 2679 1352 2741 fortassis,
1383 2680 1511 2743 quod
1538 2679 1721 2728 Princi-

211 2765 290 2831 pis
316 2764 558 2829 dignitati,
586 2765 698 2815 dum
725 2765 771 2814 ei
796 2764 1037 2816 Poloniae
1063 2780 1269 2829 regnum
1296 2765 1558 2826 deferrent,
1584 2765 1719 2814 fave-

210 2849 331 2904 rint,
368 2863 474 2898 cum
499 2853 661 2898 tamen
688 2848 812 2903 nihil
836 2849 899 2898 iis
924 2850 1090 2900 notius
1125 2854 1272 2908 66661,
1313 2864 1458 2912 quam
1486 2848 1717 2909 Ρο101106,

211 2933 420 2999 explosa
446 2931 543 2981 iam
582 2931 770 2996 pridem
807 2933 903 2983 hac
940 2949 1109 2984 eorum
1144 2932 1357 2994 insania,
1410 2933 1492 2997 qui
1519 2934 1636 2983 dare
1663 2949 1718 2984 se

208 3018 272 3079 id,
323 3016 453 3082 quod
491 3030 657 3066 eorum
697 3032 794 3066 non
834 3024 980 3079 66661,
1019 3018 1149 3068 falso
1188 3018 1441 3079 iactarent,
1482 3022 1711 3081 quantum
