2112 3288
522 219 586 251 DE
612 217 720 250 REB.
750 216 862 249 VNG.
891 215 998 248 nnc·
1028 216 1073 247 x.
1101 215 1144 246 L.
1172 216 1215 246 x.
1499 200 1508 203 ’
1543 199 1645 249 285
1693 212 1696 216 '

158 353 216 388 ac
240 336 409 386 liberis
438 334 740 383 Varadinum
778 332 1008 396 profugit.
1062 332 1112 379 Is
1154 331 1488 381 documentum
1536 333 1649 381 fidei

156 436 217 470 ae
238 418 464 469 militaris
491 417 726 467 scientiae
765 415 996 473 edituruS,
1038 415 1270 463 assumtis
1297 413 1383 463 CL
1414 415 1649 464 militibus

155 502 450 568 Segedinum
487 517 662 552 versus
701 502 952 566 profectus
990 503 1081 559 est,
1121 498 1385 564 copiasque
1413 497 1648 548 Caesaris

156 588 363 653 Agriam
388 593 487 638 tum
521 592 759 653 petenteS,
801 601 926 650 quae
952 583 1082 633 VIII
1107 584 1273 643 millia,
1313 600 1410 648 qua
1436 585 1651 649 equitum

155 689 253 738 qua
288 673 507 739 peditum
554 671 893 730 continebant,
931 670 980 718 in
1021 668 1215 718 deserto
1255 666 1549 732 Segediensi
1589 670 1651 719 ad

153 758 312 807 laeum
325 757 431 806 Piri
455 757 528 806 sic
566 757 759 815 dictum,
789 755 986 804 excelso
1013 753 1173 801 animo
1190 753 1392 802 adortus
1418 759 1508 803 est.
1535 754 1649 803 Mox

153 857 208 891 re
233 841 506 906 explorata,
539 841 826 890 cohortatus
858 838 1037 888 milites
1075 852 1272 902 pugnae
1317 837 1510 901 signum
1539 834 1652 896 '‘dat,

155 942 215 977 ae
237 926 390 976 vicies
417 931 466 975 et
492 926 751 990 quinquies
777 925 946 973 hostes
986 939 1012 972 e
1039 923 1216 972 castris
1252 923 1397 983 eiicit,
1424 924 1655 974 taberna-

154 1010 376 1075 culisque
410 1010 645 1071 disiectiS,
699 1009 1084 1074 quadringentos
1138 1012 1188 1056 et
1236 1007 1436 1058 LXXX
1488 1024 1653 1058 eorum

152 1094 378 1144 trucidat.
404 1095 463 1144 In
488 1094 551 1144 iis
575 1095 713 1144 fuere
741 1095 836 1143 duo
865 1092 978 1143 Alai
1007 1093 1213 1154 Bassae,
1241 1109 1364 1143 unus
1391 1094 1577 1158 Begus,
1607 1100 1656 1144 et

155 1194 279 1228 unus
310 1179 427 1228 item
454 1178 570 1243 Aga
596 1180 631 1230 J
635 1180 970 1240 anizarorum3
1011 1178 1139 1243 capti
1166 1182 1278 1228 sunt
1317 1180 1485 1244 sesqui
1523 1179 1655 1230 mille

156 1277 327 1313 currus
353 1279 460 1314 cum
495 1263 750 1313 tormentis
784 1262 1127 1327 compluribus,
1178 1262 1274 1311 XL
1299 1263 1526 1328 plaustra
1549 1264 1652 1314 the-

156 1362 304 1398 sauro
331 1353 521 1409 onusta,
550 1364 676 1413 quae
702 1348 1079 1417 tamenvauferri
1106 1363 1201 1396 non
1228 1354 1445 1414 potuere.
1498 1349 1653 1416 Capta

155 1438 270 1483 sunt
295 1434 443 1498 signa
482 1432 690 1495 CLXII,
733 1434 908 1498 quibus
949 1433 1110 1482 onusti
1156 1439 1461 1500 ovantesque
1501 1436 1659 1486 nostri

157 1517 462 1568 Varadinum
485 1518 696 1567 rediere.
724 1517 868 1578 Quod
893 1523 947 1567 ut
971 1523 1069 1567 tam
1094 1519 1239 1585 pauci
1264 1523 1542 1570 nostrorum
1556 1526 1658 1570 ten-

160 1607 268 1653 tare
307 1602 558 1664 auderent,
597 1603 800 1652 animati
850 1604 1052 1674 fuerant⁸
1083 1602 1214 1652 felici
1252 1603 1470 1654 eiusdem
1521 1606 1658 1655 ducis

158 1702 408 1748 successu,
446 1687 584 1738 euius
624 1688 858 1753 auspiciis
900 1702 995 1736 non
1032 1688 1102 1737 ita
1139 1690 1287 1738 multo
1315 1694 1428 1739 ante
1456 1689 1658 1754 Segedi-

157 1789 271 1823 num
297 1787 474 1826 versus
501 1778 834 1844 excurrerant,
862 1777 912 1821 et
938 1788 1043 1822 cum
1059 1773 1387 1838 septingentis
1414 1776 1661 1840 equitibus

158 1855 498 1923 Gryulensibus
524 1857 714 1922 praelio
755 1858 1080 1919 decertantes,
1110 1858 1468 1923 quinquaginta
1495 1877 1661 1911 eorum

155 1942 542 2004 trucidaverant,
569 1948 618 1992 et
644 1958 825 2006 magna
850 1959 956 1992 eum
982 1943 1167 2008 praeda
1194 1944 1458 1994 redierant.
