2112 3288
441 183 546 234 264
964 198 1027 230 10.
1058 198 1189 230 nsscn
1214 197 1412 230 BAROVJI

438 316 526 363 tim
563 330 682 364 vero
727 320 780 363 ut
817 329 974 362 novae
1013 313 1298 378 provinciae
1337 314 1601 376 periculum
1635 314 1836 373 faceret,
1887 317 1936 362 et

440 399 569 448 edito
595 398 866 448 industriae
908 398 1174 462 specimine
1211 398 1469 447 honestam
1508 412 1613 446 cum
1653 397 1783 462 apud
1819 411 1935 447 suos

441 488 542 532 tum
568 482 703 546 apud
721 482 895 531 hostes
921 481 1116 530 virtutis
1151 481 1427 545 opinionem
1455 480 1738 543 concitaret,
1764 480 1936 530 statuit

414 567 669 619 fortunae
695 567 852 615 aleam
882 565 1111 629 experiri.
1156 567 1332 627 Itaque
1359 564 1559 613 selectis
1591 564 1778 628 aliquot
1803 565 1933 629 equi-

439 654 539 709 tum
575 650 855 714 peditumve
893 649 1205 708 cohortibus,
1246 665 1308 698 ex
1348 648 1616 712 improviso
1655 646 1942 698 Gsanadum-

440 733 768 797 progreditur,
810 733 1035 781 aedificia
1061 733 1295 796 vicosque
1319 732 1546 792 incendit,
1586 747 1766 795 magno
1792 746 1937 796 peco-

443 816 530 876 ris,
568 816 914 881 pretiosiorum
954 817 1328 881 supellectilium
1380 821 1526 880 atque
1564 815 1807 865 hominum
1855 831 1939 866 nu-

446 913 581 948 mero
607 899 807 963 potitur.
837 899 977 959 Quae
1004 901 1114 948 dum
1140 900 1360 949 securius
1386 915 1475 963 pro
1502 915 1637 948 more
1662 903 1941 948 nostrorum

443 982 689 1032 hominum
715 983 778 1031 ab
804 983 867 1031 iis
893 988 1156 1046 geruntur:
1183 982 1749 1030 ecce'Tomosvariensis
1775 981 1937 1031 Bassa

442 1082 533 1115 nec
570 1066 884 1130 opinantibus
920 1067 1131 1130 ingruit,
1171 1067 1401 1129 editaque
1444 1081 1625 1129 magna
1661 1070 1939 1116 nostrorum

449 1154 634 1212 strage,
659 1149 709 1197 in
734 1150 902 1212 fugam
930 1165 1017 1199 eos
1043 1150 1204 1199 vertit.
1230 1149 1432 1197 Periere
1457 1149 1507 1197 in
1534 1165 1591 1197 eo
1618 1148 1806 1214 praelio
1833 1164 1939 1198 cum

445 1231 530 1279 alii
580 1232 733 1294 multi,
766 1236 867 1280 tum
919 1233 1067 1281 etiam
1117 1232 1482 1296 Volphgangus
1531 1231 1681 1281 Petki
1729 1233 1779 1282 in
1826 1233 1939 1284 hos—

442 1315 561 1364 tium
586 1319 883 1378 potestatem
916 1317 1157 1381 pervenit,
1193 1317 1268 1365 vir
1306 1321 1355 1365 et
1379 1316 1578 1379 generis
1604 1316 1863 1367 nobilitate
1889 1324 1939 1371 et

440 1399 590 1447 rebus
611 1399 661 1446 in
688 1400 1053 1464 expugnatione
1078 1400 1569 1465 propugnationeque
1594 1415 1749 1463 nuper
1774 1386 1937 1466 captass

443 1498 550 1531 rum
577 1482 762 1531 arcium
788 1484 1047 1547 praeclare
1062 1484 1219 1547 gestis
1246 1483 1455 1532 maxime
1474 1483 1699 1547 insignis.
1727 1485 1781 1533 Is
1806 1490 1939 1549 post—

451 1581 595 1629 quam
622 1571 821 1615 strenue
872 1567 1135 1631 pugnando
1187 1567 1351 1615 multis
1391 1566 1610 1631 acceptis
1648 1567 1935 1617 vulneribus

441 1650 662 1714 corporis
691 1650 879 1699 viribus
908 1652 1188 1712 defecisset,
1227 1652 1423 1701 tandem
1462 1653 1525 1700 ab
1551 1651 1780 1701 hostibus
1806 1653 1937 1717 capi-

439 1739 532 1794 tur,
560 1738 609 1782 et
634 1749 742 1782 cum
767 1727 931 1783 multis
959 1735 1071 1783 aliis
1099 1735 1220 1783 viris
1245 1735 1453 1783 fortibus
1469 1735 1829 1784 Tomiisvarum
1855 1737 1939 1786 ab·

442 1816 644 1876 ducitur,
681 1817 847 1879 ibique
884 1818 935 1865 in
977 1833 1226 1866 carcerem
1266 1817 1501 1866 conditur.
1552 1819 1670 1881 Ipse
1696 1816 1938 1869 Szelestei

442 1899 642 1949 amissis
669 1915 864 1949 suorum
891 1901 1238 1965 compluribus,
1275 1906 1536 1964 postquam
1573 1902 1759 1950 frustra
1797 1917 1851 1958 se
1887 1904 1938 1953 in

441 1982 675 2032 sistendis
726 1983 1030 2046 fugientibus
1066 1986 1323 2043 laborare,
1367 1988 1636 2047 contraque
1672 1989 1939 2041 torrentem

438 2065 646 2126 brachia
670 2066 872 2115 tendere
900 2067 1034 2128 vidit,
1061 2082 1210 2115 suasu
1236 2082 1434 2116 suorum
1457 2067 1578 2130 fuga
1603 2067 1700 2116 sibi
1718 2070 1939 2118 salutem

442 2149 710 2212 qnaesivit.
737 2150 926 2198 Eadem
952 2151 1148 2200 fortuna
1175 2151 1354 2199 mansit
1379 2143 1525 2199 etiam
1539 2151 1589 2199 in
1605 2152 1938 2218 Transalpina

441 2247 540 2284 eos,
579 2234 660 2295 qui
692 2235 984 2283 transmisso
1026 2236 1255 2284 Danubio
1283 2235 1456 2284 Bodon
1493 2237 1664 2284 urbem
1701 2236 1937 2287 invadere

440 2315 711 2364 voluerunt.
740 2315 923 2365 Audita
963 2318 1089 2365 enim
1117 2318 1411 2366 Tomosvari
1429 2318 1697 2377 obsidione,
1723 2319 1939 2369 Michael

441 2398 588 2447 etiam
602 2399 832 2461 Vajvoda
847 2400 1224 2466 Transalpinus,
1252 2417 1313 2449 ne
1340 2401 1442 2449 suis
1468 2402 1693 2465 partibus
1720 2403 1937 2452 defuisse

443 2481 704 2543 videretur,
742 2498 838 2531 non
877 2484 1276 2533 contemnendam
1317 2500 1413 2547 qua
1437 2486 1656 2547 equitum
1683 2501 1779 2549 qua
1804 2487 1937 2551 pedi-

439 2570 540 2614 tum
565 2581 759 2614 manum
786 2558 1165 2629 conscripserat,
1195 2567 1482 2631 delectuque
1509 2568 1678 2617 habito
1699 2569 1749 2618 in
1765 2568 1934 2620 omnes

440 2647 729 2698 occasiones
778 2649 1003 2699 hostibus
1053 2650 1260 2699 nocendi
1310 2651 1524 2700 intentus
1562 2657 1681 2713 erat,
1733 2668 1934 2717 cumque

436 2737 663 2795 magnus
682 2733 731 2782 in
759 2733 864 2783 dies
891 2740 1269 2797 spontaneorum
1294 2737 1508 2799 peditum
1547 2753 1776 2788 numerus
1804 2755 1929 2789 con-

438 2816 626 2877 flueret,
661 2817 792 2866 mille
818 2823 867 2866 et
893 2804 1144 2882 quingenti
1170 2835 1231 2868 ex
1254 2820 1316 2868 iis
1344 2821 1597 2870 consilium
1618 2821 1714 2871 sibi
1727 2822 1934 2871 seorsim

438 2904 684 2963 ceperunt,
735 2902 1124 2966 transmissoque
1163 2903 1370 2952 navibus
1398 2905 1627 2953 Danubio
1669 2894 1933 2969 opulentis-

443 2983 615 3033 simam
627 2984 797 3033 urbem
811 2985 985 3035 Bodon
997 2986 1294 3036 invaserunt.
1336 2988 1411 3036 Ea
1425 2988 1616 3052 direpta
1629 3004 1688 3038 ac
1702 2989 1919 3051 incensa,
