2112 3288
491 222 591 272 276
1025 237 1088 270 10.
1115 236 1247 270 DEcn
1273 236 1471 270 BARovn

491 354 616 402 Nam
655 352 1017 402 Maximilianus
1059 352 1313 402 Archidux
1359 351 1806 416 Sigismundusque
1835 350 1980 400 Prin4

492 453 607 503 ceps
634 452 743 486 cum
770 438 978 487 Nicolao
1004 436 1175 496 Palfio,
1217 438 1495 502 ceterisque
1534 429 1796 508 Vngaricis
1841 433 1979 494 Ger-

491 522 743 586 manisque
767 521 1068 586 proceribus,
1087 522 1207 570 nihil
1235 523 1534 582 omittebant,
1570 519 1785 586 quod'ad
1810 519 1978 570 conflr-
2031 534 2033 537 ’

491 606 749 654 mationem
775 612 823 654 et
848 606 1231 655 consolationem
1259 607 1504 655 exercitus
1523 603 1791 655 Christiani
1815 604 1978 655 facere

491 689 750 739 videretur.
789 688 886 739 Sed
911 690 1068 754 pridie
1095 690 1199 739 eius
1230 690 1340 754 diei,
1369 691 1449 754 qui
1476 694 1583 739 erat
1603 690 1800 739 XXIII.
1815 689 1973 738 octoln

491 775 685 825 Turcae
735 775 965 825 audacter
1014 781 1208 825 nostros
1248 775 1538 824 adoriendos
1589 780 1735 839 atque
1772 771 1975 839 praeve-

488 859 692 908 niendos
741 860 848 922 rati,
902 860 1157 908 confestim
1195 865 1436 909 tormenta
1475 859 1660 922 aliquot
1699 858 1761 907 ad
1800 857 1976 907 vadum

491 942 583 990 rivi
608 943 922 1004 adduxerant,
948 950 997 992 et
1021 944 1348 1007 compluribus
1361 943 1657 992 irruentibus
1673 943 1794 991 duce
1832 939 1974 990 Ozaf-

491 1026 596 1075 fero
621 1028 783 1077 Bassa
807 1028 1065 1077 transitum
1078 1031 1397 1076 tentaverant.
1427 1027 1681 1075 Resistunt
1700 1026 1854 1076 nostri
1877 1025 1973 1074 for-

491 1109 617 1169 titer,
646 1119 968 1174 consertoque
995 1111 1058 1158 ad
1082 1101 1238 1158 riv‘um
1256 1109 1492 1158 acerrimo
1519 1109 1707 1173 praelio
1722 1105 1974 1158 Barbaros

490 1193 540 1241 in
564 1193 730 1256 fugam
756 1197 962 1254 vertunt,
990 1193 1150 1241 caesis
1178 1192 1371 1241 circiter
1386 1190 1514 1241 OOC
1532 1207 1711 1254 eorum,
1736 1197 1977 1242 tormenta

495 1274 671 1325 XXIV
699 1277 770 1325 eis
797 1277 1016 1342 eripiunt.
1044 1277 1122 1325 Ea
1147 1291 1254 1325 cum
1281 1274 1564 1325 Germanici
1590 1277 1736 1327 duces
1773 1277 1822 1325 in
1861 1290 1976 1326 suos
2003 1325 2006 1338 ζ

494 1377 552 1409 ac
578 1376 775 1410 suorum
812 1377 929 1411 usus
968 1366 1159 1410 vertere
1199 1365 1503 1422 conarentur,
1541 1377 1632 1411 nec
1657 1361 1709 1410 id
1735 1361 1974 1425 Transyl-

495 1445 610 1494 vani
646 1445 792 1494 facile
818 1450 1113 1510 paterentur,
1156 1445 1343 1494 scilicet
1369 1445 1664 1510 triumphum
1690 1450 1802 1495 ante
1826 1445 1976 1495 victo·

492 1529 614 1577 riam
651 1534 906 1579 canentes:
958 1529 1297 1593 Sigismundus
1323 1530 1560 1595 Princeps
1591 1530 1882 1596 interposuit
1908 1545 1978 1590 se,

495 1628 553 1661 ac
589 1612 785 1677 aequali
823 1619 1168 1663 tormentorum
1207 1614 1444 1663 divisione
1474 1615 1631 1675 facta,
1672 1630 1732 1664 ea
1769 1630 1892 1679 quae
1927 1614 1977 1662 in

496 1711 632 1745 suam
656 1696 895 1745 rationem
922 1702 1190 1757 cesserant,
1216 1698 1265 1745 in
1283 1698 1698 1762 Transylv'aniam
1724 1690 1978 1748 confestim
2024 1754 2027 1758 Α

495 1781 753 1829 referenda
796 1781 996 1829 curavit.
1052 1780 1313 1830 Certamen
1362 1782 1483 1829 illud
1524 1782 1586 1830 ad
1623 1797 1784 1831 serum
1826 1797 1978 1847 usque

499 1863 596 1912 diei
630 1863 917 1928 productum
954 1864 1065 1928 ipsa
1106 1880 1205 1913 nox
1245 1864 1448 1912 diremit.
1501 1866 1580 1913 Ita
1615 1865 1807 1930 utrique
1847 1881 1902 1914 se
1927 1865 1978 1913 in

499 1951 663 1996 castra
687 1962 918 2011 recepere
942 1947 1020 1995 his
1048 1947 1234 2007 animis,
1263 1953 1315 1996 ut
1339 1953 1540 2012 postero
1565 1948 1644 1997 *die
1669 1965 1884 2014 pugnam
1907 1949 1977 1998 in-

500 2036 790 2094 staurarent,
815 2031 1070 2095 neutrique
1094 2037 1235 2095 terga
1260 2037 1520 2093 verterent,
1549 2032 1702 2082 donec
1724 2034 1801 2082 ius
1826 2033 1976 2098 impe-

498 2113 638 2163 randi
662 2114 823 2162 Marte
848 2114 1005 2163 iudice
1033 2114 1325 2164 definiretur.
1376 2116 1452 2164 Ea
1483 2131 1580 2164 nox
1630 2116 1976 2181 propemodum

497 2198 731 2246 insomnis
781 2204 890 2246 acta
915 2203 1003 2258 est,
1042 2213 1147 2247 cum
1172 2199 1428 2263 utrobique
1466 2200 1651 2249 crebris
1701 2201 1978 2265 vigiliarum

500 2282 793 2331 stationibus
820 2283 1071 2347 dispositis
1119 2284 1454 2347 insequentem
1495 2299 1661 2334 omnes
1700 2285 1825 2335 diem
1865 2285 1976 2335 soli-

502 2365 584 2414 citi
620 2370 947 2429 expectarent,
985 2367 1135 2414 veluti
1174 2368 1381 2415 Martem
1422 2368 1552 2416 vitae
1590 2368 1820 2433 necisque
1859 2384 1977 2418 suae

501 2448 735 2497 arbitrum
760 2448 948 2496 adituri.
987 2448 1192 2498 Postero
1227 2450 1317 2509 die,
1345 2450 1539 2499 vixdum
1587 2452 1830 2513 illuxerat,
1872 2469 1976 2502 cum

500 2532 726 2595 utrinque
762 2532 1027 2580 instructae
1054 2533 1185 2581 acies
1211 2528 1437 2583 adfuere(
1478 2537 1650 2600 Itaque
1674 2537 1974 2601 redintegra·

501 2620 580 2664 tur
604 2614 854 2679 praelium,
881 2616 968 2663 sed
993 2632 1088 2664 non
1115 2631 1347 2666 successu
1373 2619 1640 2682 superioris
1667 2621 1774 2670 diei.
1821 2621 1978 2683 Quum
2055 2603 2058 2607 ⁴

504 2699 630 2747 enim
654 2698 846 2762 pedites
873 2698 1108 2764 Stephani
1134 2700 1369 2750 Bathorei
1397 2703 1714 2754 circumventi
1740 2722 1770 2754 a
1792 2706 1976 2756 Barba-

502 2782 573 2830 ris
609 2782 828 2840 fuissent,
880 2788 928 2832 et
974 2798 1083 2832 sero
1120 2783 1181 2832 iis
1220 2801 1359 2849 opem
1400 2788 1548 2836 ceteri
1585 2788 1824 2852 tulissent,
1873 2791 1978 2839 fere

507 2881 674 2915 omnes
718 2867 781 2915 ad
818 2883 960 2916 unum
993 2869 1329 2931 spectantibus
1369 2872 1550 2920 nostris
1590 2873 1817 2922 trucidati
1855 2880 1978 2935 sunt,

506 2949 675 3013 paucis
700 2951 818 3013 fuga
844 2952 1041 3015 elapsis,
1070 2952 1150 3015 qui
1177 2954 1239 3000 ad
1254 2956 1675 3018 cataphractorum
1695 2972 1749 3006 se
1763 2957 1976 3007 ordinem

506 3048 752 3096 recepere.
794 3034 905 3083 Non
930 3051 1084 3099 parva
1118 3035 1208 3084 hoc
1236 3038 1564 3101 spectaculum
1591 3041 1976 3091 consternatione
