2112 3288
475 189 665 234 LXXIV
1105 197 1361 230 TARTALom.

1887 307 1941 340 La

475 370 579 428 Cap.
600 370 673 413 IV.
696 369 765 411 De
786 367 943 410 Sinano
980 365 1200 408 Belliduce
1234 365 1475 418 constituto,
1498 370 1540 406 et
1561 367 1764 422 portentis
1789 367 1879 422 qui·
1940 318 1968 351 P

642 439 792 482 usdam
838 467 1873 481 ...............

471 512 576 570 Cap.
600 440 652 555 Vi.
674 511 743 554 De
764 509 1047 566 legationibus
1070 508 1125 551 ad
1141 506 1462 551 confoederatos
1483 509 1636 562 missis,
1658 523 1709 551 ac
1731 509 1874 566 impri-
1907 438 1960 479 21

612 583 691 625 mis
714 581 769 624 ad
790 580 1111 637 Transylvanos
1212 610 1872 623 ..........
1907 579 1964 622 22

469 652 575 710 Cap.
610 653 683 696 VI.
717 652 787 695 De
822 653 1013 695 oratione
1046 650 1300 693 Mahometis
1344 648 1531 704 Ohausii,
1553 649 1608 692 ad
1637 651 1876 708 principem

611 724 939 780 Transyvanum
985 752 1873 767 .............
1907 722 1965 764 23
1980 728 1983 730 ’

468 796 572 853 Gap.
594 796 691 839 VII.
714 795 783 837 De
803 794 1026 852 postulatis
1042 793 1239 837 Caesaris
1261 807 1288 835 a
1301 792 1500 849 Principe
1522 792 1875 850 Transylvaniae,

609 874 651 910 et
672 867 870 911 Caesaris
891 867 1047 910 Literis
1130 897 1869 910 ...........
1904 866 1961 908 28

469 939 574 997 Cap.
595 940 715 983 VIII.
738 940 805 982 De
826 938 1094 996 deprehensa
1114 937 1368 980 Mahometis
1393 936 1569 979 Chausii
1596 936 1744 979 fraude
1789 969 1798 978 .
1862 968 1872 979 .
1906 936 1962 979 29

466 1011 571 1068 Cap.
591 1010 670 1052 IX.
692 1010 759 1052 De
782 1008 959 1065 Georgii
979 1007 1187 1052 Ravazdii
1213 1007 1346 1050 literis
1369 1007 1424 1050 ad
1444 1007 1689 1064 Principem
1712 1013 1754 1050 et
1775 1022 1872 1049 cum

609 1082 769 1125 Sinano
791 1080 1014 1138 colloquiis
1060 1110 1870 1124 ............
1903 1078 1962 1121 30

465 1154 568 1211 Cap.
590 1153 647 1197 X.
670 1153 739 1194 De
759 1151 892 1194 Paulo
913 1150 1179 1205 Markhazio‚
1213 1156 1426 1207 postremo
1460 1150 1644 1194 Ibraimo
1666 1149 1879 1208 appellato
1901 1150 1960 1192 32

463 1225 569 1283 Cap.
590 1225 667 1267 XI.
701 1224 769 1266 De
802 1223 1021 1266 Ravazdio
1057 1222 1230 1266 domum
1265 1238 1362 1265 cum
1396 1224 1518 1266 novis
1541 1222 1597 1265 ad
1625 1223 1870 1280 Principem

605 1294 925 1352 Sigismundum
946 1294 1121 1350 Legatis
1147 1295 1325 1336 remisso
1419 1325 1866 1337 .......
1901 1293 1959 1336 34

463 1367 570 1423 Cap.
592 1366 692 1408 XII.
714 1366 783 1408 De
805 1364 1030 1422 expeditis,
1052 1369 1095 1407 et
1114 1364 1170 1407 ad
1192 1379 1291 1408 suos
1317 1364 1506 1406 remissis
1528 1364 1765 1407 Turcarum
1786 1363 1867 1407 Le-

594 1438 715 1493 ¹gatis
760 1467 1869 1481 ................
1901 1435 1957 1479 36

997 1555 1144 1589 LIBER
1168 1555 1385 1590 TERTIVS.

460 1643 566 1701 Cap.
588 1642 622 1685 I.
644 1642 713 1685 De
734 1639 906 1685 Aarone
927 1655 983 1683 ex
1003 1641 1245 1698 principatu
1264 1639 1508 1683 Moldaviae
1529 1639 1694 1683 deiecto
1782 1670 1791 1681 .
1855 1669 1863 1680 .
1897 1638 1954 1681 38

458 1715 565 1770 Cap.
586 1714 642 1756 ΙΙ.
664 1713 733 1756 De
754 1712 881 1756 Petro
904 1711 1088 1770 quodam
1110 1711 1370 1755 Moldaviam
1393 1717 1628 1768 occupante
1708 1745 1718 1756 .
1785 1742 1794 1752 .
1857 1741 1866 1752 .
1898 1709 1955 1752 39

457 1787 563 1843 Cap.
586 1785 666 1829 III.
689 1785 757 1827 De
779 1784 1052 1842 expeditione
1074 1783 1470 1841 Transylvanorum
1504 1784 1549 1826 in
1569 1782 1833 1826 Moldaviam

599 1863 748 1901 contra
767 1857 941 1900 Petrum
993 1886 1862 1900 .............
1889 1853 1949 1898 40

456 1930 560 1988 Cap.
582 1929 657 1973 IV.
681 1928 770 1972 Cur
791 1929 959 1971 Turcae
991 1942 1138 1970 rursus
1160 1926 1377 1970 Aaronem
1405 1927 1546 1969 conati
1567 1927 1652 1969 sint
1671 1926 1833 1969 Princi-

596 2006 700 2058 patu
720 2001 891 2058 privare
973 2029 1861 2043 .............
1895 1996 1953 2043 42

455 2073 561 2130 Cap.
586 2072 637 2116 V.
662 2069 960 2128 Sigismundus
981 2070 1187 2127 Princeps
1210 2067 1526 2126 expeditionem
1548 2067 1697 2112 Sinani
1718 2068 1863 2124 Vnga-

595 2145 654 2186 ris
677 2142 891 2199 significat
971 2170 1860 2185 .............
1891 2138 1950 2182 43

453 2216 558 2273 Cap.
580 2215 654 2259 VI.
676 2215 764 2258 Iter
786 2213 936 2258 Sinani
956 2212 1218 2269 Belgradum
1238 2226 1373 2269 usque
1395 2210 1649 2254 describitur
1701 2242 1709 2252 .
1772 2243 1785 2256 .
1847 2241 1858 2252 .
1889 2209 1948 2252 44

453 2287 557 2344 Cap.
580 2287 679 2331 VII.
702 2285 819 2340 Quid
841 2285 1027 2330 Sinanus
1048 2283 1263 2341 Belgrado
1286 2283 1502 2340 digressus
1524 2283 1659 2338 egerit
1702 2315 1713 2327 .
1777 2315 1787 2325 .
1849 2312 1858 2324 .
1889 2274 1948 2323 45

452 2357 556 2415 Cap.
578 2357 697 2401 VIII.
733 2357 919 2400 Sinanus
957 2357 1112 2399 iterum
1148 2355 1407 2412 legationem
1439 2353 1497 2396 ad
1528 2352 1852 2410 Transylvanos

593 2427 782 2485 expedit,
804 2428 919 2485 iique
940 2427 1112 2470 comitia
1132 2424 1428 2483 denpostulatis
1456 2425 1682 2467 instituunt
1775 2458 1785 2469 .
1848 2456 1858 2466 .
1889 2423 1947 2467 46

452 2500 560 2557 Cap.
581 2499 661 2544 IX.
685 2498 846 2553 Oratio,
867 2504 909 2541 et
931 2499 1168 2541 sententiae
1190 2512 1350 2552 eorum,
1372 2497 1445 2553 qui
1463 2511 1490 2538 a
1514 2496 1696 2538 Turcico
1719 2496 1856 2552 Impe-

591 2572 654 2614 rio
675 2585 946 2628 nequaquam
969 2569 1253 2613 deficiendum
1287 2583 1381 2612 esse
1403 2566 1636 2610 censebant
1697 2600 1706 2609 .
1771 2598 1781 2608 .
1846 2600 1854 2609 .
1889 2566 1946 2609 48

449 2643 555 2701 Cap.
577 2643 632 2686 X.
668 2641 816 2686 Oratio
851 2656 1008 2696 eorum,
1041 2642 1114 2698 qui
1146 2657 1173 2684 a
1206 2641 1359 2684 Turcis
1392 2638 1716 2682 desciscendum
1750 2654 1845 2682 sua-

591 2715 751 2759 debant
813 2744 1852 2760 ...............
1884 2711 1939 2754 51

448 2787 556 2845 Cap.
578 2786 659 2830 XI.
681 2785 749 2829 De
771 2783 959 2828 consiliis
980 2783 1375 2841 Transylvanorum
1407 2783 1453 2825 in
1473 2787 1592 2825 tanta
1612 2796 1757 2826 rerum
1777 2782 1856 2825 dif-

590 2857 784 2901 ficultate
801 2856 918 2899 initis
963 2884 1851 2899 .............
1884 2853 1942 2896 62

447 2930 552 2988 Cap.
576 2929 675 2973 XII.
690 2928 759 2971 De
771 2927 984 2984 legatione
996 2927 1208 2984 Principis
1230 2926 1521 2984 Transylvani
1535 2924 1591 2968 ad
1604 2923 1853 2968 Pontificem

588 3001 826 3051 Romanum
839 2999 983 3055 missa,
1006 3003 1048 3042 et
1067 2999 1218 3042 itinere
1241 2997 1553 3056 Olaudiopofim
1574 3001 1771 3061 suscepto
1883 2995 1940 3042 63
