2112 3288
611 205 676 239 m:
700 204 807 238 ΗΕΒ.
837 202 948 236 vno.
978 203 1087 236 nnc.
1116 203 1162 235 x.
1192 203 1235 236 L.
1261 203 1310 236 11.
1508 186 1516 189 “
1636 189 1705 239 27

222 324 510 374 exhaustum
534 321 679 381 viris,
717 321 910 379 nervis,
938 319 1048 369 odio
1088 335 1118 369 a
1143 319 1247 369 suis
1285 320 1459 369 haberi
1485 340 1494 368 :
1532 321 1703 370 horum

218 408 343 459 alios
380 404 592 456 avaritia
628 404 864 462 infames,
906 419 966 457 ac
989 403 1198 469 pecunia
1235 404 1476 468 corrumpi
1514 405 1701 467 faciles,

216 492 343 542 alios
368 489 545 539 mentis
571 489 771 554 inopes,
800 488 926 537 a¹i0s
951 488 1088 547 iocis,
1115 487 1256 548 ludis,
1283 488 1546 553 puerisque
1573 490 1702 540 dedi-

213 584 304 637 108,
331 574 584 625 discordes
604 574 735 623 inter
760 588 829 635 se,
844 571 1023 623 'Aulam
1036 578 1186 623 totam
1199 577 1461 636 nutantem,
1489 573 1702 623 avidam-

142 671 146 674 ’
214 676 309 727 que
326 659 586 721 novitatiS,
623 659 794 709 urbem
833 658 1042 724 denique
1074 659 1261 724 ipsam,
1299 663 1551 724 totumque
1582 660 1703 710 illud

213 753 314 798 tam
339 750 530 796 vastum
558 742 794 794 Caesaris
820 744 1103 809 Imperium,
1131 744 1371 808 quomodo
1397 760 1579 795 exuere
1603 750 1704 794 tam

214 847 368 897 grave
390 831 556 894 iugum
570 829 764 893 gestiat,
779 843 834 879 se
847 830 994 894 plane
1009 830 1315 894 exploratum
1340 829 1539 890 habere,
1566 845 1702 893 mag·

213 933 278 968 na
301 915 352 965 vi
377 913 615 964 orationis
641 915 1067 963 commemorabat.
1105 915 1165 963 In
1190 914 1327 964 calce
1344 924 1346 926 ’
1365 914 1628 976 literarum,
1655 920 1704 964 et

213 1001 403 1065 Regem
429 1013 582 1059 suum,
597 1002 646 1047 et
667 1003 866 1047 cunctos
882 997 1138 1064 Principes
1165 997 1490 1059 Christianos,
1515 1003 1569 1048 ut
1594 1014 1704 1049 con-

209 1092 291 1137 tra
315 1085 507 1136 'Furcas
522 1099 659 1133 arma
684 1088 929 1149 caperent,
958 1085 1259 1145 exhortatUS,
1284 1082 1481 1134 facilem
1508 1084 1580 1134 eis
1605 1084 1703 1133 vic«

210 1171 387 1223 toriam
423 1168 762 1235 pollicebatur.
802 1168 942 1230 Quae
981 1169 1143 1219 omnia
1183 1169 1406 1233 quamvis
1443 1168 1541 1218 iam
1579 1168 1702 1219 satis

210 1257 488 1320 arguerent,
505 1267 598 1317 quo
617 1252 773 1302 animo
790 1251 1027 1303 Germani
1040 1253 1090 1303 in
1105 1251 1374 1303 Caesarem
1400 1237 1581 1314 essent,
1595 1253 1701 1318 pla-

211 1341 309 1391 cuit
331 1344 495 1389 tamen
521 1336 706 1387 Sinano
747 1338 986 1403 experiri,
1025 1355 1087 1388 an
1114 1343 1279 1388 cetera
1315 1338 1463 1388 etiam
1489 1353 1704 1388 consona

209 1423 352 1474 dictis
388 1421 564 1471 indicis
603 1427 781 1471 essent.
821 1424 997 1487 Itaque
1034 1423 1255 1488 poscenti
1292 1423 1514 1487 adiungit
1553 1425 1697 1474 comi-

209 1514 300 1570 tes,
326 1507 409 1572 qui
433 1507 569 1556 iussa
594 1506 700 1555 eius
727 1512 1058 1572 capesserent,
1087 1508 1262 1572 quibus
1275 1507 1488 1572 stipatus
1512 1508 1612 1569 ille,
1639 1508 1703 1558 ad

207 1593 355 1644 aedes
380 1592 560 1656 Legati
585 1596 723 1641 recta
747 1593 1010 1654 contendit,
1032 1593 1367 1656 submotisque
1396 1593 1500 1642 eius
1516 1593 1703 1644 domes-

205 1677 343 1739 ticis,
378 1691 437 1726 ac
462 1675 648 1741 apertis
675 1677 981 1727 conclavium
1012 1677 1203 1727 foribus
1229 1692 1318 1742 per
1343 1682 1486 1726 notos
1511 1677 1703 1727 aedium

206 1761 456 1823 tramites,
496 1775 554 1810 eo
579 1761 831 1826 pervenit,
868 1761 954 1811 ubi
979 1762 1202 1826 Legatus
1241 1762 1426 1826 scripta
1451 1762 1702 1826 quaelibet

206 1861 323 1908 sua,
349 1859 528 1910 resque
554 1845 849 1894 secretiores
877 1847 1183 1896 asservabat.
1224 1846 1318 1895 His
1346 1846 1511 1896 statim
1535 1846 1703 1907 invit0,

202 1930 562 1995 reluctantique
608 1930 800 1994 Legato
839 1932 1046 1981 extortis
1069 1970 1078 1993 ,
1118 1931 1398 1996 Sinanoque
1444 1931 1701 1996 expositis,

207 2015 384 2082 quibus
408 2014 588 2078 Legati
625 2019 761 2076 acta,
802 2014 1104 2080 consiliaque
1130 2017 1280 2066 totius
1307 2015 1412 2066 eius
1443 2016 1702 2083 temporis,

205 2114 301 2165 quo
324 2100 395 2149 ibi
421 2098 622 2159 m'ansit,
650 2099 1037 2161 continebantur,
1065 2100 1187 2149 nihil
1214 2101 1311 2149 iam
1337 2114 1542 2164 prorsus
1569 2100 1703 2150 dubii

205 2184 257 2234 in
283 2186 390 2248 ejus
416 2183 574 2234 animo
602 2182 986 2250 relinquebatur.
1017 2184 1129 2235 Hac
1148 2180 1314 2249 itaque
1343 2182 1701 2235 Germanorum

202 2268 412 2335 perfidia
447 2267 669 2318 irritatus
709 2266 925 2331 Caesar,
963 2269 1084 2318 nihil
1122 2270 1219 2319 sibi
1257 2269 1395 2335 prius
1439 2269 1700 2334 potiusque

138 2385 141 2389 -
205 2353 369 2415 duxit,
409 2368 555 2418 quam
579 2358 633 2403 ut
669 2353 826 2418 primo
853 2368 1046 2419 quoque
1071 2354 1243 2404 violati
1267 2353 1486 2404 foederis
1507 2354 1700 2419 culpam

201 2439 252 2488 in
265 2438 390 2504 ipsis
405 2438 687 2489 auctoribus
714 2438 1000 2488 vindicaret.
1029 2437 1151 2488 Cum
1166 2443 1328 2488 autem
1342 2439 1551 2503 ipsemet
1578 2436 1700 2487 Cae-

202 2537 287 2572 sar
310 2522 512 2572 mirifico
527 2522 736 2587 quodam
764 2523 965 2587 gerendi
993 2523 1137 2573 huius
1163 2523 1285 2573 belli
1299 2522 1460 2572 studio
1488 2522 1698 2582 arderet,

202 2606 286 2655 vix
310 2621 491 2671 passus
515 2608 632 2667 fuit,
661 2609 756 2658 sibi
782 2625 812 2658 a
837 2608 1152 2674 Principibus
1192 2608 1352 2659 Aulae
1392 2605 1697 2672 persuaderi,

200 2695 254 2740 ut
278 2705 386 2740 cum
409 2691 560 2740 multa
586 2692 775 2741 videret
807 2693 872 2742 ad
896 2693 947 2742 id
960 2694 1009 2742 in
1036 2698 1175 2743 tanta
1200 2692 1436 2758 temporis
1464 2690 1694 2754 angustia

202 2773 492 2836 desiderari,
507 2790 567 2824 ea
581 2791 635 2825 se
650 2792 768 2827 cura
779 2778 830 2827 in
842 2780 1129 2843 praesentia
1148 2779 1401 2838 liberaret,
1430 2777 1479 2824 in
1495 2790 1697 2839 sequen-

198 2864 395 2924 temque
410 2875 584 2909 annum
600 2876 660 2910 ea
685 2863 996 2927 expeditione
1023 2865 1189 2926 dilata,
1204 2879 1330 2913 nunc
1356 2862 1470 2910 fidei
1491 2860 1695 2909 alterius

199 2960 308 2994 eam
332 2945 635 3009 provinciam
660 2945 1003 3006 demandaret3
1030 2949 1099 2999 ita
1114 2965 1222 2999 eum
1237 2947 1432 2997 tandem
1458 2946 1508 2994 in
1529 2959 1694 2994 eorum

198 3028 490 3081 sententiam
520 3030 854 3094 concessisse,
883 3032 1144 3101 delataque
1170 3033 1382 3083 bellicae¹
1409 3031 1481 3083 rei
1507 3045 1695 3080 summa
