2112 3288
458 153 563 209 144·
984 177 1046 210 [ο.
1074 175 1207 210 ΒΕοΠ
1230 176 1427 211 BARovn

448 298 569 342 rent.
596 291 694 342 Sed
718 307 809 342 nos
833 307 924 358 pro
949 293 1288 344 incertitudine
1326 295 1398 343 rei
1434 294 1485 342 in
1523 294 1667 344 dubio
1705 294 1831 350 haec,
1855 310 1931 345 re-

449 377 723 442 linquimus,
763 371 985 438 Gseztius,
1022 393 1083 428 ne
1122 378 1356 442 temporis
1381 378 1573 436 iniuria,
1612 384 1926 429 commeatus-

450 477 543 526 que
569 461 773 526 penuria
797 460 1017 510 homines
1042 461 1229 526 pariter
1266 478 1325 511 ac
1361 462 1574 512 iumenta
1607 464 1793 513 frustra
1820 478 1933 514 cone

451 547 721 607 sinerentur,
747 537 1036 595 incolumem
1051 545 1319 594 exercitum
1344 546 1515 610 paucis
1545 547 1742 596 amissis
1759 528 1827 597 ad
1851 563 1939 596 na,-

447 629 607 678 talitia
633 627 912 678 Servatoris
938 628 1127 678 domum
1152 629 1358 679 reduxit.
1386 630 1462 679 Ne
1487 634 1650 680 tamen
1674 632 1798 680 fines
1822 646 1932 696 pro-

448 714 638 764 vinciae
665 715 727 763 ob
749 714 1021 763 discessum
1048 713 1297 778 copiarum
1323 713 1548 763 hostibus
1574 719 1815 778 paterent,
1841 714 1933 764 cir-

448 799 568 848 citer
605 799 698 848 duo
736 804 836 848 tam
877 798 1089 862 equitum
1131 813 1274 862 quam
1299 798 1515 862 peditum
1540 798 1694 847 millia
1720 815 1781 848 ex
1805 798 1936 848 omni

434 897 646 932 numero
674 881 856 945 seligit,
884 897 1039 945 eaque
1065 881 1114 929 in
1139 881 1405 946 praesidiis
1446 881 1800 931 circumvicinis
1823 882 1935 931 vcol-

445 967 592 1015 locat.
619 966 699 1026 Hi,
727 980 833 1013 cum
859 978 954 1012 non
980 965 1152 1027 procul
1187 965 1510 1012 Tartarorum
1550 971 1715 1015 castra
1753 966 1932 1015 abesse

446 1049 811 1112 cognovissent,
840 1048 959 1097 duce
986 1047 1229 1097 Michaele
1255 1048 1482 1112 Kopeczi
1531 1049 1582 1097 in
1621 1064 1707 1098 eos
1729 1049 1933 1109 irruunt,

445 1138 493 1181 et
528 1132 858 1197 compluribus
897 1131 1035 1196 equis
1073 1132 1232 1196 captis
1265 1133 1509 1181 Tartaros
1549 1131 1598 1179 in
1623 1132 1931 1195 fugamvver-

442 1222 560 1265 tunt.
588 1217 665 1266 Ne
690 1221 853 1264 tamen
879 1215 1033 1264 maior
1056 1215 1128 1263 eis
1144 1220 1340 1278 strages
1356 1215 1630 1279 afferretur,
1656 1215 1930 1284 inconsulto

440 1304 847 1365 praematuroque
884 1304 1161 1349 nostrorum
1212 1300 1426 1347 clamore
1463 1299 1646 1366 factum
1682 1299 1787 1363 fuit,
1837 1315 1932 1364 quo

440 1383 652 1433 Barbari
702 1383 863 1445 exciti,
915 1399 1010 1447 qua
1061 1384 1231 1447 cuique
1281 1383 1552 1448 proximum
1600 1384 1717 1445 fuit,
1768 1385 1928 1434 subito

441 1467 748 1531 diffugerant.

866 1716 1000 1767 OAP
1009 1706 1099 1767 VT
1140 1716 1496 1777 QVARTVM.

442 1851 517 1897 De
569 1849 828 1911 defectione
878 1848 1239 1910 Moldavorum,
1301 1866 1358 1897 ac
1413 1849 1841 1914 Transalpinorum
1892 1868 1924 1898 a

483 1933 681 1988 Turez‘co
709 1933 932 1996 Imperio,
953 1934 1241 1996 foedereque
1268 1950 1374 1980 cum
1405 1932 1750 1998 Transylvanis
1774 1935 1884 1981 icto.

580 2053 789 2102 Praerat
814 2068 871 2101 eo
898 2056 1130 2116 tempore,
1159 2067 1252 2116 quo
1293 2053 1416 2102 haec
1452 2055 1765 2116 gerebantur,
1802 2053 1925 2103 Mol·

440 2138 579 2187 davis
607 2139 802 2201 quidam
826 2137 1007 2198 Aaron,
1036 2137 1095 2185 de
1122 2151 1215 2201 quo
1243 2138 1439 2201 copiose
1464 2153 1614 2202 supra
1642 2138 1820 2187 dictum
1834 2142 1922 2186 est.

441 2223 788 2288 Transalpinis
815 2239 931 2272 vero
959 2222 1173 2271 Michael
1200 2221 1456 2272 Palatinus
1484 2221 1646 2288 (quem
1682 2223 1780 2288 ipsi
1806 2223 1922 2284 Vaj—

438 2306 613 2356 vodam
639 2302 923 2370 appellant),
951 2310 1000 2354 et
1026 2321 1170 2354 manu
1196 2311 1437 2366 strenuus,
1472 2311 1520 2354 et
1549 2305 1818 2370 prudentia,
1847 2320 1921 2353 re-

439 2406 640 2455 rumque
658 2389 962 2453 experientia
980 2388 993 2410 4
1010 2385 1041 2453 2)
1051 2390 1564 2455 praestans.Iipartim
1573 2394 1745 2454 sponte
1755 2392 1922 2438 suatot

439 2475 674 2524 malorum
690 2478 739 2523 et
755 2474 1102 2538 expilationum
1128 2473 1358 2536 pertaesi,
1373 2474 1552 2537 partim
1566 2488 1683 2522 vero
1695 2473 1918 2537 exemplo

425 2550 844 2622 'suasionibusque
858 2556 1102 2621 Principis
1117 2556 1516 2620 Transylvaniae
1530 2556 1740 2618 adducti,
1757 2572 1919 2622 quam-

438 2642 792 2693 vis'Iaurinum
841 2641 938 2690 iam
977 2658 1006 2689 a
1045 2641 1283 2690 Barbaris
1322 2646 1515 2705 captum
1556 2641 1931 2704 cognovissent,¹

434 2733 595 2777 tamen
628 2726 696 2786 ΔΗ’)
737 2726 953 2775 consiliis
991 2727 1115 2775 elam
1155 2725 1533 2787 communicatis,
1573 2743 1602 2775 a
1638 2725 1753 2788 iugo
1776 2726 1919 2793 >Tur--

576 2879 623 2926 42)
670 2880 698 2914 Ε
740 2878 808 2916 ket
847 2879 910 2915 szo
952 2879 1098 2925 helyett
1135 2878 1325 2914 Koa-mil:
1369 2879 1644 2924 multarumque
1703 2877 1915 2925 linguarum

442 2940 667 2985 cognitione.

578 2999 623 3045 4³)
638 3000 667 3034 E
687 3002 751 3035 szo
785 2999 951 3035 Koa-nal
970 3000 1087 3035 nincs.
