2112 3288
484 170 586 219 272
1009 183 1071 215 1o.
1100 166 1232 215 onon
1259 182 1454 217 mnovn

481 315 571 349 nus
586 317 615 349 a
628 300 816 364 praelio
832 299 1093 360 abstinere,
1108 313 1198 347 nec
1213 313 1447 347 summam
1461 298 1533 347 rei
1546 299 1769 351 fortunae
1783 303 1978 366 permit-

479 384 674 432 tendam
702 399 813 433 esse
840 382 1103 445 cogitabat,
1137 382 1226 431 sed
1251 387 1475 430 eventum
1503 383 1772 434 obsidionis
1799 401 1976 451 expec-

482 468 698 528 tandum,
728 471 776 515 et
802 482 863 515 ex
889 470 1110 529 tempore
1139 465 1392 515 consilium
1419 467 1705 530 capiendum
1726 471 1973 520 censebat.

487 550 556 599 At
581 549 920 613 Sigismundus
947 546 1185 611 Princeps
1211 550 1358 611 longe
1385 549 1531 598 aliam
1569 550 1808 601 rationem
1835 568 1970 612 secu·

481 636 576 693 tus,
604 647 665 680 ex
692 631 851 681 animo
867 629 908 679 A
916 630 1181 694 griensium
1194 630 1436 679 fortunam
1451 631 1805 696 miserabatur,
1819 637 1971 687 refor-

479 715 758 779 midatoque
782 714 1013 778 pericu10,
1042 714 1172 779 quod
1197 730 1258 763 ex
1286 714 1424 762 clade
1458 716 1583 764 tanti
1601 700 1973 783 propugnaculi,

480 813 540 847 ac
563 798 732 847 talium
758 799 969 847 virorum
995 798 1193 847 fortium
1219 798 1481 847 universae
1496 798 1695 849 Patriae
1721 802 1972 853 imminere

479 881 751 944 videbatur,
778 885 981 930 mortem
1006 875 1169 946 potius
1190 881 1381 929 fortiter
1395 887 1642 946 oppetere,
1670 900 1815 947 quam
1830 901 1972 951 opem

479 964 807 1028 Agriensibus
834 980 929 1012 non
953 964 1085 1013 ferre
1111 964 1340 1012 malebat.
1370 963 1474 1013 Sed
1499 970 1759 1030 antequam
1798 985 1825 1018 e
1850 969 1971 1019 Pro-

476 1049 668 1098 vinciae
705 1048 882 1098 finibus
921 1030 1194 1107 excederet,
1246 1052 1430 1096 certam
1459 1047 1733 1099 Siculorum
1771 1068 1965 1102 manum

479 1134 620 1182 Duce
647 1131 913 1181 Francisco
941 1132 1092 1195 Nagy
1125 1131 1344 1179 subsidio
1382 1131 1432 1179 in
1460 1132 1843 1198 Transalpinam
1863 1137 1970 1186 mit-

479 1217 552 1277 tit,
577 1216 817 1279 simulque
832 1214 990 1279 Alpes
1015 1214 1298 1264 Moldaviae
1326 1215 1583 1278 oppositas
1610 1218 1813 1267 armatis
1840 1234 1966 1268 com-

477 1298 593 1362 plet,
632 1313 691 1347 ac
718 1296 988 1361 Georgium
1014 1298 1236 1361 Borbely
1262 1298 1483 1347 excubiis
1527 1305 1700 1349 contra
1726 1300 1970 1352 Tartaros

479 1382 734 1447 dispositis
760 1381 994 1447 praeficit.
1033 1382 1111 1431 Ne
1135 1397 1253 1431 vero
1269 1397 1323 1430 se
1351 1382 1555 1432 absente
1581 1399 1787 1448 regnum
1811 1387 1969 1451 Impe-

479 1466 553 1514 rio
578 1472 793 1529 vacaret,
822 1466 1125 1532 Stephanum
1139 1466 1443 1516 Boczkaium
1467 1467 1595 1517 inter
1609 1483 1824 1519 summos
1851 1484 1962 1519 con-

477 1550 691 1599 siliarios
701 1550 982 1614 principem,
999 1555 1356 1614 cognatumque
1371 1565 1522 1612 suum,
1531 1552 1816 1615 provinciae
1829 1568 1971 1618 prae-

477 1633 590 1695 ficit,
618 1634 759 1697 eique
784 1634 835 1682 in
860 1633 1099 1683 mandatis
1127 1633 1224 1695 dat,
1263 1639 1316 1682 ut
1350 1633 1594 1698 singulari
1620 1650 1738 1685 cura
1761 1651 1968 1700 regnum

476 1721 650 1767 contra
677 1718 917 1765 Tartaros
944 1722 992 1765 et
1018 1717 1279 1766 Moldavos
1305 1722 1514 1780 tueatur,
1543 1734 1842 1783 operamque
1870 1720 1966 1781 det,

476 1818 538 1851 ne
577 1803 638 1851 ob
680 1801 950 1850 absentiam
990 1816 1126 1850 suam
1164 1802 1447 1866 respublica
1479 1802 1665 1865 aliquid
1691 1803 1968 1852 detrimenti

478 1886 655 1950 capiat.
694 1886 823 1934 Nam
847 1890 900 1933 ut
926 1885 1303 1949 Transylvanos
1330 1885 1392 1934 ab
1420 1900 1513 1949 ope
1540 1884 1873 1948 Agriensibus
1899 1887 1967 1935 fe-

475 1969 629 2018 renda
655 1967 846 2018 Caesar
872 1968 1144 2018 Turcarum
1183 1974 1454 2018 averteret:
1495 1970 1725 2019 Tartaris
1768 1985 1969 2035 persua-

476 2057 623 2114 serat,
661 2057 715 2102 ut
756 2068 816 2101 ex
842 2052 1096 2101 Moldavia
1133 2052 1185 2100 in
1223 2053 1624 2116 Transalpinam,
1664 2068 1724 2102 ac
1760 2053 1873 2102 inde
1916 2053 1965 2100 in

476 2136 893 2201 Transylvaniam
907 2137 1246 2200 irrumperent,
1275 2135 1533 2199 omniaque
1546 2136 1679 2185 ferro
1698 2153 1757 2186 ac
1769 2136 1964 2185 flamma

474 2220 747 2268 miscerent.
776 2222 853 2269 Ita
879 2220 1117 2283 Princeps
1144 2221 1292 2269 rebus
1318 2219 1600 2284 provinciae
1638 2221 1731 2269 rite
1757 2220 1966 2285 disposi-

472 2304 553 2365 tis,
581 2303 953 2352 selectissimam
989 2319 1230 2367 quamque
1267 2304 1410 2366 regni
1445 2303 1753 2352 nobilitatem
1779 2308 1967 2364 evocat,

473 2393 521 2436 et
557 2387 704 2435 lentis
743 2387 1000 2436 itineribus
1039 2387 1341 2436 Varadinum
1369 2386 1697 2450 progreditur.
1748 2387 1828 2436 Ibi
1865 2386 1965 2436 lus-

471 2474 602 2519 trato
629 2469 860 2531 exercitu,
889 2470 970 2533 qui
996 2470 1058 2518 ad
1084 2471 1268 2520 XVIII
1295 2470 1488 2538 circiter
1521 2470 1676 2519 millia
1702 2470 1966 2520 selectissi-

473 2568 659 2603 morum
697 2553 911 2617 equitum
951 2569 1010 2602 ac
1046 2553 1261 2617 peditum
1293 2554 1526 2618 habebat,
1565 2569 1709 2618 quum
1747 2540 1965 2618 accepis-

473 2643 551 2687 set
575 2636 849 2701 Agrienses
886 2637 936 2685 in
975 2652 1159 2686 summo
1198 2637 1417 2701 periculo
1458 2638 1666 2699 versari,
1705 2637 1965 2702 profectio-

472 2737 584 2772 nem
609 2723 867 2783 accelerat,
902 2737 960 2771 ac
997 2726 1134 2770 recta
1159 2722 1504 2784 Debrecinum,
1543 2722 1655 2771 inde
1681 2720 1962 2771 Tokaiuum

472 2806 801 2871 progreditur.
840 2805 1109 2869 Postquam
1136 2805 1339 2855 Tibisco
1365 2806 1573 2855 traiecto
1611 2804 1815 2868 Agriam
1855 2821 1963 2870 cap-

471 2895 571 2939 tam
597 2905 656 2939 ac
682 2904 879 2938 caesum
905 2888 1203 2953 praesidium
1230 2891 1435 2954 accepit,
1460 2889 1649 2952 ingenti
1663 2889 1830 2938 dolore
1856 2904 1965 2953 per-

472 2975 611 3024 fusus
637 2962 847 3037 pergere
873 2977 1050 3034 tamen,
1079 2977 1126 3020 et
1152 2973 1192 3019 si
1218 2973 1599 3022 Maximilianum
1628 2986 1684 3020 eo
1698 2971 1965 3035 perducere
