2112 3288
472 175 576 226 240
1009 191 1071 225 1o.
1097 191 1230 225 DEon
1259 191 1456 225 BARovn

474 306 655 354 nostris
685 306 879 354 circiter
904 306 1176 369 quingenti,
1202 307 1389 371 praeda
1408 308 1577 367 omnis,
1606 323 1748 372 quam
1773 310 1822 357 in
1847 309 1962 358 dua-

468 389 559 438 bus
584 388 849 453 provinciis
886 389 1034 452 longo
1073 389 1275 439 militiae
1303 390 1474 439 labore
1513 406 1602 454 per
1627 391 1706 440 fas
1734 396 1783 440 et
1819 392 1961 442 nefas

468 476 776 536 pepererant,
817 472 1014 521 amissa.
1054 473 1198 522 Multi
1236 474 1285 521 in
1311 472 1566 522 Poloniam
1608 463 1805 524 abducti
1837 480 1963 535 sunt,

470 570 528 603 ac
566 554 740 604 deinde
779 555 1116 604 misericordia
1171 554 1392 605 Samosci
1442 555 1742 606 Cancellarii
1778 557 1966 607 dimissi

466 638 616 687 fuere.
670 637 876 687 Factum
914 643 989 687 est
1026 638 1119 686 hoc
1156 638 1286 688 circa
1322 639 1467 689 finem
1507 640 1813 689 Decembris.

908 931 1140 982 OAPVT
1179 883 1516 982 TERTlvM.

375 1083 377 1085 .
469 1035 545 1082 De
582 1031 735 1081 literis
766 1028 1021 1079 Clementis
1070 1027 1212 1076 VIII.
1249 1025 1502 1092 Pon-tzflcis
1527 1029 1737 1078 Romani
1772 1032 1840 1079 ad
1863 1033 1956 1081 Re-

1025 1127 1128 1175 qem
1155 1109 1401 1159 Poloniae.

612 1222 826 1274 Indoluit
839 1219 1079 1282 Princeps
1106 1217 1272 1268 audita
1297 1218 1390 1266 hac
1416 1233 1612 1268 suorum
1638 1220 1792 1283 clade,
1817 1223 1959 1272 mise-

468 1308 710 1372 rabilique
738 1303 978 1369 supplicio
1007 1300 1247 1365 Stephani
1270 1302 1501 1363 Palatini,
1543 1319 1684 1367 quem
1723 1321 1877 1371 nuper
1908 1307 1959 1356 in

468 1408 657 1442 crucem
695 1407 725 1438 a
751 1387 998 1438 Moldavis
1037 1402 1095 1435 ac
1120 1386 1322 1436 Polonis
1357 1392 1516 1436 actum
1541 1388 1696 1438 fuisse
1724 1405 1956 1442 memora-

468 1477 638 1525 vimus,
689 1476 863 1536 Itaque
904 1470 1210 1535 Alphonsum
1238 1468 1493 1520 Carillium
1531 1472 1808 1537 Hispanum
1845 1491 1956 1524 con-

466 1559 631 1608 festim
668 1555 890 1620 expedit,
930 1569 1134 1616 eumque
1171 1554 1328 1617 primo
1367 1548 1438 1603 ad‘
1469 1552 1738 1605 Caesarem
1776 1556 1957 1609 Rodol-

468 1642 627 1708 phum,
670 1639 782 1688 inde
821 1638 884 1686 ad
920 1637 1204 1686 Pontificem
1242 1636 1508 1687 Maximum
1548 1638 1641 1687 hac
1679 1639 1738 1688 de
1776 1640 1953 1692 iniuria

468 1722 814 1791 expostulandi
838 1721 1002 1784 gratia
1027 1721 1245 1783 ablegat.
1299 1723 1352 1770 Is
1392 1722 1673 1772 mandatam
1713 1724 1810 1773 sibi
1845 1741 1957 1790 pro-¹

468 1810 687 1865 vinciam,
728 1811 908 1871 quanta
944 1805 1103 1869 potuit
1146 1801 1405 1854 celeritate
1440 1811 1700 1867 executus,
1751 1808 1955 1859 Romam

468 1893 807 1960 proficiscitur,
848 1895 1094 1954 totumque
1119 1890 1368 1951 negotium
1384 1888 1626 1939 Clementi
1653 1890 1798 1942 VIII.
1826 1892 1954 1942 Pon-

466 1978 596 2038 tifici,
647 1975 838 2024 nomine
889 1972 1188 2034 Sigismundi
1226 1971 1470 2035 Principis
1520 1973 1689 2022 ordine
1741 1976 1955 2039 exponit.

467 2061 709 2120 Pontifex,
737 2059 819 2122 qui
844 2057 965 2106 nihil
992 2056 1087 2105 sibi
1113 2055 1206 2104 hoc
1227 2071 1371 2105 sacro
1398 2055 1448 2104 in
1474 2055 1688 2105 Turcam
1712 2058 1843 2107 bello
1870 2075 1955 2108 an-

461 2147 643 2210 tiquius
675 2143 858 2193 habere
897 2142 1230 2202 constituerat,
1269 2146 1475 2205 accepta
1525 2142 1618 2191 hac
1653 2141 1948 2199 Polonorum

463 2229 652 2286 iniuria,
679 2226 1105 2276 vehementissime
1128 2225 1400 2286 excanduit,
1448 2230 1497 2273 et
1534 2225 1663 2274 datis
1697 2227 1953 2276 confestim

463 2314 526 2363 ad
553 2309 918 2374 Sigismundum
942 2309 1136 2357 tertium
1162 2308 1398 2357 Poloniae
1426 2307 1732 2371 Sueciaeque
1758 2309 1947 2372 Regem

463 2394 645 2452 literis,
696 2398 808 2457 post
845 2392 1054 2440 salutem
1093 2396 1141 2439 et
1180 2390 1503 2454 apostolicam
1539 2391 1955 2441 benedictionem:

469 2493 594 2544 „quo
610 2477 796 2536 maiori,
827 2473 994 2538 inquit,
1027 2478 1266 2538 paternae
1281 2473 1552 2538 dilectionis
1567 2474 1745 2523 affectu
1770 2475 1950 2524 Maies-

461 2567 610 2611 tatem
649 2566 783 2610 tuam
803 2559 807 2562 ’
831 2559 881 2606 in
915 2557 1124 2606 Domino
1167 2558 1552 2621 complectimur,
1605 2573 1662 2607 eo
1701 2558 1952 2608 ardenti-us

465 2645 704 2710 optamuS,
732 2657 899 2691 omnes
926 2641 1144 2689 actiones
1170 2647 1278 2690 tuas
1318 2656 1505 2689 summa
1532 2642 1731 2705 pietatis
1771 2648 1819 2691 et
1842 2658 1953 2707 pru-

464 2728 659 2778 dentiae
685 2726 831 2775 laude
857 2725 987 2790 apud
1011 2725 1169 2773 Deum
1197 2729 1244 2773 et
1282 2723 1500 2773 homines
1528 2725 1797 2774 cumulatas
1825 2740 1952 2776 esse.

465 2814 543 2862 E'x
582 2829 675 2876 quo
714 2812 782 2872 fit,
821 2815 874 2859 ut
910 2814 1045 2858 tanto
1072 2808 1275 2871 gravius
1303 2825 1361 2857 ac
1387 2809 1723 2858 vehementius
1750 2824 1953 2858 commo-

467 2912 682 2955 veamur,
710 2895 753 2944 si
781 2894 896 2958 quid
923 2893 1159 2942 eiusmodi
1197 2892 1417 2941 audimus
1455 2892 1602 2951 dete,
1641 2893 1770 2955 quod
1807 2909 1836 2942 a
1871 2898 1955 2942 tua

470 2981 649 3043 virtute
677 2985 725 3027 et
750 2983 1007 3042 perspecto
1045 2992 1165 3039 erga
1210 2976 1495 3025 catholicam
1534 2976 1820 3037 religionem
1845 2977 1953 3025 zelo
