2112 3288
589 176 653 208 m:
679 175 787 208 ΗΕΒ.
813 172 927 208 vno.
956 174 1065 209 nnc,
1092 176 1136 208 x.
1164 176 1208 209 L.
1236 177 1299 210 vr.
1534 213 1540 216 ,
1616 164 1713 214 111

208 293 397 358 ingenti
422 307 528 342 cum
554 290 802 353 Principis
842 305 901 338 ac
925 290 1163 339 bonorum
1191 291 1404 340 omnium
1433 292 1602 342 dolore
1616 295 1715 342 fac-

200 382 302 427 tum
325 381 441 433 tunc
465 375 570 436 fuit,
597 379 650 422 ut
688 373 905 430 barbari,
933 372 1155 437 Vngaris
1177 390 1267 424 nec
1294 375 1624 438 opinantibus,
1655 394 1715 426 ex

200 459 467 524 improviso
495 457 889 522 supervenerint.
918 457 1258 507 Nunciaverat
1294 458 1492 507 tandem
1532 461 1716 508 Korni-

206 544 309 595 sius
348 541 600 607 Stephano
644 540 894 589 Bathoreo
946 557 1037 606 per
1076 541 1364 591 celerrimos
1402 542 1710 605 tabellarios,

197 633 252 678 ut
289 627 519 692 quoniam
546 625 835 691 *proditione
873 626 1213 675 nonnullorum
1254 625 1459 675 Tartari
1496 626 1546 674 in
1585 626 1711 676 fines

199 711 455 776 Vngariae
483 710 777 771 evasissent,
803 714 994 759 mature
1027 709 1137 772 sibi,
1165 726 1225 759 ac
1251 710 1369 771 suis,
1396 725 1457 758 ne
1483 710 1715 775 imparati

204 813 235 846 a
260 795 466 846 rabiosa
509 799 659 856 gente
686 792 1092 857 opprimerentur,
1145 794 1474 842 consulerent.
1526 794 1579 842 Is
1607 810 1715 844 cum

198 896 296 933 non
331 879 522 945 pridem
561 879 724 928 soluta
764 878 1022 927 obsidione
1059 877 1417 939 Hatvaniensi,
1468 894 1566 927 una
1605 894 1713 928 cum

199 965 313 1015 aliis
339 963 630 1029 proceribus
659 962 942 1023 exercitum,
972 978 1115 1026 quem
1142 962 1401 1021 habuerat,
1429 962 1713 1022 dimisisset,

198 1050 402 1115 ignarus
440 1048 489 1096 in
527 1052 666 1096 tanta
703 1047 940 1111 temporis
982 1047 1228 1110 angustia,
1270 1046 1388 1111 quid
1424 1047 1558 1096 facto
1587 1062 1710 1111 opus

199 1139 348 1196 esset,
375 1132 599 1183 collectis
625 1137 789 1180 tamen
814 1131 1130 1195 undiquaque
1170 1131 1427 1180 subitariis
1467 1131 1637 1196 copiis,
1666 1135 1715 1180 ct

199 1218 476 1284 praemisso
503 1217 567 1266 ad
593 1216 928 1281 explorandas
953 1215 1166 1265 hostium
1206 1216 1354 1275 vires,
1386 1215 1710 1265 accersenda-

203 1319 296 1368 que
324 1318 386 1351 ex
413 1300 684 1365 composito
712 1299 1094 1349 Varadiensium
1123 1299 1289 1357 axilia,
1319 1298 1591 1347 Francisco
1619 1299 1714 1347 Ba-

201 1386 374 1450 lassi0,
398 1385 574 1434 iuvene
600 1384 697 1432 iam
723 1383 773 1431 in
800 1382 975 1431 militia
1002 1382 1444 1443 exercitatissimo,
1483 1382 1716 1431 barbaris

205 1471 398 1522 omnino
425 1483 683 1518 occurrere
710 1466 896 1515 statuit.
951 1465 1214 1515 Balassius
1250 1466 1450 1515 excelso
1478 1466 1638 1514 animo
1665 1466 1715 1514 in

202 1561 550 1606 antecursores
578 1553 917 1610 Tartarorum,
945 1565 1054 1598 cum
1082 1549 1185 1599 suis
1211 1550 1449 1610 invectus,
1490 1565 1597 1598 cum
1623 1565 1730 1598 nec-

206 1641 463 1691 thoracem
512 1651 603 1686 nec
659 1636 857 1698 galeam
914 1634 1138 1693 haberet,
1180 1649 1210 1681 a
1246 1633 1480 1682 barbaris
1514 1628 1714 1682 circum-

201 1729 391 1784 ventus,
418 1737 477 1770 ac
502 1719 682 1769 nimbis
709 1719 1006 1782 sagittarum
1034 1718 1305 1777 confectUS,
1333 1733 1515 1780 magno
1543 1717 1619 1766 sui
1636 1716 1715 1765 de-

201 1806 384 1858 siderio
423 1803 555 1870 apud
581 1817 748 1852 omnes
777 1800 950 1850 relicto
990 1800 1190 1862 interiit,
1218 1816 1278 1849 ac
1298 1800 1381 1848 vix
1409 1815 1589 1865 corpus
1606 1800 1711 1848 eius

201 1910 232 1943 a
258 1891 363 1942 suis
389 1887 641 1954 asportari
660 1879 833 1952 potuit.
863 1885 975 1946 Qua
995 1901 1049 1934 re
1064 1885 1278 1948 cognita,
1305 1883 1712 1947 multitudineque

199 1976 414 2026 hostium
452 1972 825 2032 animadversa,
868 1970 1150 2035 Stephanus
1190 1984 1382 2033 quoque
1417 1967 1712 2029 Bathoreus,

199 2077 296 2111 non
323 2057 692 2125 appellentibus
708 2056 962 2105 commodo
993 2061 1218 2119 tempore
1247 2053 1406 2102 tribus
1423 2053 1711 2117 cataphrac-

201 2153 360 2197 torum
386 2142 617 2203 millibus,
644 2156 767 2205 quos
796 2138 1171 2189 Tiffenbachius
1215 2136 1463 2187 Cassovia
1490 2137 1585 2201 ipsi
1602 2137 1714 2186 sub-

200 2229 327 2280 sidio
354 2227 572 2287 miserat,
598 2225 763 2274 multis
789 2225 841 2273 id
867 2223 1205 2283 suadentibUS,
1245 2238 1341 2271 non
1376 2221 1514 2270 duxit
1539 2235 1709 2270 neces-

199 2313 398 2373 sarium,
425 2316 610 2360 temere
645 2325 704 2370 ⁴se
742 2309 842 2358 illis
881 2309 1110 2357 obiicere.
1149 2308 1229 2356 Ita
1254 2305 1472 2363 barbari,
1497 2310 1570 2354 tot
1595 2320 1712 2368 gen-

198 2399 334 2459 tium,
360 2396 743 2459 Regnorumque
770 2394 1086 2458 Principibus
1108 2391 1286 2439 misere
1315 2388 1552 2453 deceptis,
1581 2388 1714 2437 Thu-

200 2481 358 2531 rinum
382 2480 555 2545 prim0,
583 2477 759 2526 deinde
787 2477 995 2527 ulterius
1035 2473 1309 2540 progressi,
1350 2471 1525 2521 Sinani
1553 2487 1606 2520 se
1634 2486 1711 2520 co-

199 2565 297 2629 piis
323 2563 692 2615 coniunxerunt.
