2112 3288
608 159 671 191 DE
697 158 804 191 Rus.
832 157 944 191 VNG.
974 157 1085 190 Duo.
1113 158 1158 188 x.
1188 157 1232 189 11.
1259 157 1327 188 111.
1517 187 1522 190 Δ
1648 141 1714 203 41

218 291 366 340 verso
394 291 482 325 suo
507 275 626 335 fato,
654 288 825 324 amens
853 272 1120 336 obstupuit,
1141 270 1493 335 inopinatoque
1518 283 1719 335 oppres-

219 376 306 410 sus
331 361 487 420 ma10,
519 360 603 408 vix
629 362 818 407 tantum
845 356 997 420 spatii
1023 355 1220 415 habuit,
1247 360 1300 403 ut
1327 354 1497 418 copias
1538 353 1719 418 oppido

217 443 461 494 educeret.
489 433 682 503 Quibus
696 440 1025 500 nihilominus,
1052 444 1105 489 ut
1129 439 1179 489 in
1205 443 1347 488 tanta
1371 438 1611 502 temporis
1637 453 1721 486 an-

218 525 384 591 gustia
421 525 530 575 fieri
554 525 736 591 potuit,
775 540 866 590 per
904 539 1135 574 aversam
1161 522 1332 588 oppidi
1368 522 1623 585 regionem
1649 536 1723 570 se-

217 625 326 659 cum
350 609 533 675 raptiS,
573 610 644 659 ita
668 595 720 658 in
758 613 1026 674 conspectu
1063 612 1343 656 nostrorum
1381 605 1632 665 constitit,
1669 608 1723 653 ut

215 691 409 759 praelio
437 693 757 744 dimicaturus
783 688 979 742 omnino
1006 691 1274 741 videretur.
1300 690 1488 741 Verum
1513 689 1597 739 vix
1622 689 1721 754 pri-

216 792 324 827 mos
349 791 542 838 eorum,
582 777 665 841 qui
688 776 953 842 praemissi
979 780 1144 836 erant,
1185 774 1463 835 sustinenS,
1503 771 1724 837 equitatu

216 875 374 928 prope
400 861 530 910 omni
553 862 605 910 in
629 860 882 926 proximos
919 860 1079 910 saltus
1104 858 1368 909 arboribus
1395 858 1578 906 densos
1601 857 1725 906 reci-

216 945 408 1011 piente,
445 945 696 1010 peditibus
721 959 869 1005 ver0‚
910 943 1295 1009 quorum-maior
1320 956 1440 1007 pars
1482 940 1725 1007 Transyl-

219 1029 336 1079 vani
375 1034 542 1091 erant,
580 1045 799 1094 pugnam
837 1043 945 1078 cum
984 1033 1200 1092 cognata
1237 1032 1387 1090 gente
1413 1026 1727 1076 detrectanti-

221 1113 330 1173 bus,
357 1112 538 1161 misere
567 1128 598 1161 a
625 1111 730 1161 suis
760 1111 1004 1172 desertus,
1033 1110 1245 1161 Sibrikii
1270 1110 1386 1160 fidei
1411 1124 1466 1159 se
1481 1108 1723 1174 permisit.

221 1199 301 1247 Ita
326 1201 471 1262 capto
496 1195 665 1257 Petro,
692 1195 944 1260 potiuntur
959 1195 1143 1261 oppido
1171 1210 1365 1260 quoque
1378 1189 1550 1256 nostri,
1566 1191 1724 1242 Aaro-

218 1295 427 1345 nemquc
453 1295 561 1330 cum
600 1278 839 1330 Caesaris
873 1279 1069 1344 Legato
1094 1280 1241 1331 Velio
1268 1278 1405 1342 Aga,
1433 1277 1517 1342 qui
1541 1278 1593 1326 in
1619 1291 1726 1326 cas-

216 1363 310 1414 tris
345 1363 515 1413 Beller
539 1363 681 1426 Begi,
720 1367 947 1413 eventum
983 1364 1056 1413 rei
1095 1367 1450 1428 expectantes,
1489 1360 1721 1410 substite-

219 1451 349 1509 rant,
375 1452 651 1509 accersunt,
676 1447 958 1512 traditoque
984 1448 1056 1498 eis
1082 1447 1250 1507 Petr0,
1278 1446 1423 1496 simul
1450 1450 1499 1495 et
1525 1444 1723 1510 oppid0,

219 1530 318 1596 ipsi
343 1545 538 1581 rursum
575 1531 845 1581 incolumes
884 1546 1053 1581 omnes
1080 1531 1273 1581 domum
1299 1534 1640 1590 revertuntur,
1679 1534 1729 1578 et

221 1612 586 1679 Claudiopolim
611 1613 677 1663 ad
702 1613 1011 1678 Principem,
1036 1615 1107 1663 ibi
1132 1620 1247 1664 tunc
1270 1614 1400 1664 forte
1426 1627 1727 1663 commoran-

220 1704 346 1759 tem,
384 1713 492 1747 cum
519 1697 679 1762 signis
719 1698 909 1762 aliquot
933 1698 1163 1749 hostibus
1191 1699 1429 1764 demptis,
1467 1713 1527 1747 ac
1564 1696 1729 1762 opima

218 1781 408 1848 praeda
430 1772 832 1847 triumphabundi
871 1799 926 1833 se
960 1784 1231 1834 conferunt.
1272 1784 1400 1833 Erat
1424 1782 1604 1832 Petrus
1630 1797 1729 1831 non

220 1867 380 1916 minus
404 1866 710 1931 proceritate
726 1868 965 1932 corporiS,
983 1884 1129 1933 quam
1149 1868 1343 1933 reliqua
1355 1868 1546 1916 formae
1574 1865 1730 1930 digni-

221 1955 326 2001 tate
351 1949 594 2016 imprimis
619 1951 940 2017 conspicuus,
981 1957 1030 2002 et
1053 1952 1226 2017 paucis
1253 1951 1448 2001 omnino
1475 1950 1729 2000 conferen-

222 2034 328 2095 dus,
355 2034 445 2084 sed
470 2039 647 2096 mente,
672 2036 744 2085 uti
765 2041 971 2086 eventus
999 2036 1226 2098 ostendit,
1254 2035 1512 2086 stolidiore
1536 2033 1731 2099 praedi-

146 2137 147 2140 *
223 2123 318 2178 tus,
343 2123 399 2169 ut
423 2133 568 2183 quem
594 2119 705 2169 sola
730 2120 952 2183 generis,
980 2121 1111 2185 quod
1137 2120 1523 2180 ementiebatur‚
1550 2134 1609 2167 ac
1633 2118 1731 2167 for-

222 2217 333 2252 mae
346 2202 527 2252 fiducia
541 2203 606 2253 ad
619 2203 933 2254 ambiendum
949 2220 1057 2255 eum
1073 2204 1416 2270 Principatum
1434 2201 1730 2253 incitaverit.

220 2286 349 2336 Eum
373 2286 541 2351 itaque
569 2288 782 2350 Turcae,
811 2287 1013 2339 Aarone
1039 2304 1228 2338 summa
1255 2303 1348 2353 ope
1376 2287 1654 2347 adnitente,
1682 2290 1732 2334 et

222 2387 254 2420 a
278 2370 460 2420 Turcis
486 2377 566 2421 sat
604 2371 783 2435 grandi
820 2373 1031 2438 pecunia
1056 2373 1107 2421 id
1146 2377 1451 2431 emercante,
1490 2369 1731 2420 truncatis

223 2454 362 2519 prius
386 2454 616 2517 naribuS,
655 2471 717 2504 ne
743 2471 959 2521 unquam
986 2456 1225 2522 amplius,
1252 2456 1296 2505 si
1321 2456 1453 2505 forte
1480 2453 1729 2513 evaderet,

225 2536 560 2604 Principatum
587 2541 824 2603 ambiret,
864 2541 995 2607 quod
1020 2541 1171 2592 moris
1198 2540 1330 2606 apud
1355 2538 1612 2590 Valachos
1639 2540 1758 2597 est,.

226 2620 547 2673 deformatum
585 2625 754 2675 Beller
780 2625 922 2690 Bego
948 2626 1167 2685 mittunt,
1207 2642 1238 2675 a
1264 2639 1359 2689 quo
1400 2622 1566 2673 statim
1606 2618 1732 2669 Con-

227 2705 596 2771 stantinopolim
622 2709 827 2772 missus,
857 2715 906 2760 et
940 2708 1179 2760 Caesaris
1216 2708 1356 2759 iussu
1380 2707 1431 2756 in
1456 2719 1609 2755 uncos
1635 2703 1732 2751 fer-

225 2803 339 2838 reos
365 2789 628 2852 coniectus,
655 2793 849 2857 magnis
872 2794 1171 2845 cruciatibus
1198 2793 1351 2843 vitam
1375 2790 1514 2840 finiit.
1543 2789 1623 2837 Ita
1647 2785 1734 2835 ho-

185 2939 187 2941 >
226 2871 405 2935 mines,
433 2873 668 2926 incertam
696 2876 971 2929 dominatus
998 2894 1163 2947 spem,
1189 2893 1284 2927 non
1312 2875 1470 2925 solum
1497 2870 1732 2939 periculis
