2112 3288
459 188 528 238 94
980 205 1043 238 10.
1074 204 1207 238 nucu
1231 204 1428 240 BAROVH

903 402 1134 452 OAPVT
1175 403 1513 463 QVINTVM.

496 521 714 587 Pdlffius
743 525 907 586 copias
943 524 1176 572 reducens
1213 531 1425 588 quatuor
1451 540 1584 571 arces
1610 539 1696 570 nec
1724 525 1917 585 opinato

1137 610 1282 670 capit.

604 735 782 785 Palffio
820 743 981 786 autem
1019 753 1124 785 cum
1161 737 1288 785 inter
1316 737 1528 786 hostium
1565 735 1815 800 praesidia
1834 737 1958 784 'suos

460 819 731 881 reduceret,
759 822 967 881 Turcae,
996 821 1077 884 qui
1103 821 1153 868 in
1179 821 1251 869 eis
1292 827 1446 882 erant,
1486 821 1554 869 uti
1593 826 1769 885 postea
1793 818 1960 882 cogni-

459 909 559 952 tum
584 904 689 964 fuit,
728 904 778 951 id
804 904 961 959 veriti,
989 919 1051 951 ne
1077 904 1269 967 Vngari
1295 905 1539 952 universis
1577 904 1779 963 viribus,
1807 901 1958 951 veluti

460 987 739 1036 continuata
764 988 863 1035 iam
889 987 1108 1048 victoria,
1137 1003 1223 1036 eos
1251 993 1587 1051 oppugnatum
1611 988 1846 1047 venirent,
1874 1002 1958 1035 an-
1982 1036 1983 1040 ,

459 1071 897 1135 tecapiendumque
941 1070 1037 1119 sibi
1075 1071 1139 1118 ad
1177 1071 1406 1132 effugium
1444 1076 1635 1135 tempus
1662 1070 1772 1131 rati,
1798 1069 1957 1134 portis

461 1154 663 1217 apertis,
690 1158 836 1202 noctu
863 1153 1106 1216 eggressi,
1135 1153 1245 1202 aliis
1271 1169 1436 1202 eorum
1464 1155 1612 1202 etiam
1624 1154 1852 1212 incensis,
1879 1167 1956 1201 oc-

468 1237 716 1285 casionem
765 1252 826 1284 ea
876 1236 1146 1300 occupandi
1171 1237 1516 1300 praebuerunt,
1558 1252 1723 1286 eorum
1761 1235 1957 1286 nomina

461 1320 665 1382 Dregel,
689 1319 937 1382 Hidvegh,
966 1320 1150 1380 Zonda,
1177 1320 1379 1369 etBeke
1404 1321 1675 1369 traduntur.
1705 1321 1782 1370 Ne
1796 1326 1956 1370 autem

462 1402 631 1452 eodem
659 1405 884 1467 exemplo
911 1403 1268 1466 Nogradenses
1307 1404 1469 1464 etiam,
1507 1404 1605 1452 iam
1637 1404 1828 1467 signum
1853 1408 1957 1452 tan-

461 1492 558 1536 tum
586 1486 904 1550 profectionis
931 1490 1294 1554 exspectantes,
1333 1491 1598 1546 uterentur,
1637 1486 1839 1536 duorum
1871 1502 1958 1551 pe-

465 1571 616 1619 ditum
640 1570 821 1619 indicio
846 1571 1028 1619 factum
1042 1570 1146 1632 fuit,
1163 1571 1246 1634 qui
1260 1571 1460 1619 fortuito
1477 1570 1622 1635 capti,
1638 1586 1745 1620 cum
1763 1570 1959 1620 adducti

465 1654 531 1702 ad
549 1670 635 1704 608
660 1655 882 1712 fuissent,
910 1670 1218 1718 nequaquam
1245 1655 1340 1703 sibi
1366 1670 1492 1703 nunc
1519 1656 1582 1703 ab
1611 1655 1703 1716 his,
1746 1644 1829 1718 qui
1848 1655 1960 1704 ,81116

465 1724 723 1787 tormentis
760 1738 1222 1802 impedimentisque
1247 1738 1441 1787 bellicis
1458 1743 1626 1787 essent
1663 1754 1754 1803 per
1779 1738 1963 1787 661006

463 1821 734 1881 transituri,
758 1822 856 1870 vim
881 1827 1162 1883 metuerent,
1190 1822 1262 1870 eis
1290 1835 1450 1885 aegre·
1465 1826 1828 1886 persuaserunt,
1839 1818 1960 1869 Cum

466 1909 626 1969 autem
652 1903 730 1952 hic
755 1905 980 1967 Nogradi
1005 1904 1307 1967 Praefectus,
1335 1904 1618 1954 confirmato
1654 1905 1752 1952 iam
1779 1920 1808 1953 a
1831 1904 1962 1952 metu

467 1986 644 2047 61111110,
672 1986 735 2035 ad
754 1986 1125 2049 Dregelienses,
1152 2002 1269 2036 suos
1315 1986 1474 2055 adhuc
1510 1988 1579 2035 ibi
1615 2002 1727 2036 esse
1753 1986 1962 2044 arbitrass

466 2075 560 2130 tus,
588 2075 729 2119 nocte
754 2070 1034 2118 nunciatum
1071 2070 1303 2131 misisset,
1343 2076 1397 2120 ut
1419 2071 1470 2118 in
1504 2070 1600 2123 fide
1627 2068 1862 2119 Caesaris
1888 2084 1962 2119 se-

470 2153 587 2213 curi,
614 2169 644 2200 a
668 2153 718 2200 vi
743 2152 967 2214 hostium,
995 2154 1077 2216 qui
1095 2154 1217 2202 nihil
1240 2154 1420 2203 hostile
1458 2154 1510 2201 in
1547 2169 1634 2203 eos
1667 2158 1835 2203 essent
1859 2157 1963 2202 ten-

471 2237 632 2296 taturi,
660 2251 823 2284 arcem
861 2241 1137 2285 tuerentur:
1177 2237 1370 2300 Vngari
1396 2237 1739 2286 animadverso
1778 2250 1959 2288 errore.

468 2319 656 2368 referre
694 2319 950 2369 Praefecto
990 2321 1248 2382 iusserunt,
1290 2321 1480 2383 gratias
1520 2336 1575 2368 86
1613 2321 1671 2382 61,
1697 2324 1836 2369 recta
1861 2335 1960 2368 mo-

469 2407 628 2461 nente,
655 2417 819 2464 agere,
836 2402 1172 2467 imperataque
1199 2403 1373 2467 cupide
1389 2418 1502 2452 6886
1521 2404 1755 2452 facturos.
1771 2402 1959 2452 Harum

467 2501 629 2535 rerum
654 2485 786 2534 fama
812 2501 919 2534 cum
944 2487 1041 2534 iam
1079 2491 1226 2535 antea
1264 2486 1315 2534 in
1357 2487 1531 2550 vulgus
1567 2491 1862 2548 emanasset,
1891 2491 1963 2535 et

469 2570 679 2618 omnium
708 2559 853 2618 animi
878 2570 1030 2618 erecti
1056 2570 1117 2618 ,111
1143 2585 1251 2619 66111
1277 2585 1414 2634 spem
1453 2577 1632 2633 essent,
1659 2569 1960 2620 Christiano-

468 2646 572 2702 rum
609 2668 691 2702 res
731 2653 976 2717 deinceps,
1015 2654 1229 2718 propitio
1258 2654 1331 2703 eis
1357 2655 1482 2717 Deo,
1523 2655 1724 2704 meliore
1751 2655 1863 2704 loco
1889 2654 1960 2702 fu-

468 2743 625 2786 turas:
648 2738 823 2800 ingens
849 2731 1232 2787 voluntariorum
1259 2754 1319 2787 ex
1345 2740 1491 2802 plebe
1517 2738 1783 2801 Vngarica,
1810 2753 1872 2787 ex
1896 2738 1958 2786 iis

468 2821 758 2884 praesertim
785 2821 946 2883 Regni
972 2821 1210 2885 partibuS,
1251 2822 1313 2870 ad
1355 2837 1478 2885 quas
1503 2822 1711 2871 nondum
1738 2821 1959 2885 pervasit

469 2905 544 2952 vis
560 2905 786 2966 Turcica,
801 2904 1052 2954 multitudo
1073 2905 1121 2952 in
1137 2910 1301 2953 castra
1311 2905 1555 2966 confluxit,
1570 2921 1724 2969 usque
1741 2904 1879 2967 adeo,
1905 2908 1958 2951 ut

469 3003 632 3036 eorum
659 3003 885 3036 numerus
901 3003 1000 3048 eos,
1016 2988 1096 3051 qui
1114 2988 1598 3052 stipendiafacerent,
1612 2989 1759 3043 facile
1773 3002 1957 3051 acqua-
