2112 3288
371 187 375 189 ·
413 175 478 226 26
930 189 994 223 1o.
1022 189 1155 222 DEcn
1178 189 1374 222 BARovn

411 308 552 369 Quod
575 309 643 357 ita
656 309 752 357 iam
766 311 1007 357 maturent
1032 306 1225 367 deferri,
1251 311 1303 355 ut
1327 305 1462 369 prius
1489 305 1617 354 adsit
1642 303 1880 354 0011611111-
1930 354 1932 356 ,

406 392 633 457 1111011011,
672 402 815 457 quam
842 408 947 442 eam
973 391 1119 440 bilem
1158 389 1364 440 Caesari
1388 394 1608 451 moveat,
1645 395 1698 437 ut
1722 389 1880 438 serius

405 476 618 538 illatum,
644 476 870 541 perinde,
910 491 967 525 ac
992 476 1263 538 neglectum
1303 477 1585 534 censeatur,
1625 472 1753 536 quod
1775 476 1882 521 tan·

409 560 540 621 dem,
580 560 760 624 etipse
794 558 952 623 capite
992 572 1078 607 suo
1116 558 1244 616 luat,
1284 562 1332 606 ct
1356 557 1453 605 illis
1492 556 1556 605 sit
1591 555 1881 618 gravissime

406 643 535 692 bello
571 643 913 693 redimendum.
955 640 1161 705 Scripsit
1185 640 1269 689 illc
1302 639 1579 701 confestim,
1617 639 1702 687 illo
1740 652 1882 701 argu·
1956 638 1960 642 ’

407 732 566 777 11161110
604 727 890 792 epistolam,
930 725 1198 789 obtulitque
1233 723 1440 787 Sinano,
1480 724 1578 787 qui⁴
1600 738 1706 772 cam
1744 738 1774 770 a
1805 735 1882 770 1116

407 811 502 860 sibi
526 812 920 875 interpretatam,
958 815 1108 859 totam
1134 809 1387 872 probavit,
1426 809 1828 870 obsignatamque
1852 817 1883 854 a

406 895 595 957 Legato
632 894 887 959 ipsiusmet
924 893 1184 942 tabellario
1223 892 1380 951 dedit,
1418 906 1628 955 propere
1665 889 1727 938 ad
1767 902 1882 936 suos

406 978 730 1027 deferendam.
775 976 1140 1026 Conciliaverat
1182 976 1400 1039 Legatus
1448 974 1542 1022 hac
1578 988 1631 1021 rc
1669 971 1882 1035 aliquam

406 1061 501 1110 sibi
537 1077 706 1111 rursus
744 1061 887 1109 fidem
924 1060 1052 1124 apud
1086 1059 1287 1120 Aulam,
1326 1074 1431 1107 cum
1456 1073 1537 1105 res
1563 1071 1690 1106 nova
1715 1068 1881 1105 omnes

406 1144 510 1193 eius
536 1144 695 1192 subito
734 1143 950 1191 rationes
982 1141 1195 1190 nudavit.
1235 1140 1468 1189 Habebat
1504 1139 1722 1201 Legatus
1757 1138 1883 1187 inter

405 1228 529 1276 alios
562 1227 810 1275 ministros
834 1225 981 1274 fidum
1006 1224 1242 1288 imprimis
1270 1223 1364 1273 sibi
1389 1223 1642 1282 hominem,
1668 1221 1883 1271 eiusdem

405 1325 567 1359 secum
604 1310 841 1368 nationis,
875 1323 1035 1357 rerum
1069 1307 1302 1367 omnium,
1329 1306 1663 1368 actionumque
1687 1318 1885 1354 suarum

405 1393 673 1455 conscium,
711 1393 792 1456 qui
830 1392 971 1455 gravi
1010 1391 1218 1454 quadam
1243 1390 1419 1438 iniuria
1458 1389 1695 1449 offensus,
1735 1388 1797 1437 ab
1823 1401 1881 1436 60

402 1477 642 1542 profugit,
669 1477 1019 1540 professusque
1045 1474 1354 1537 Religionem
1380 1472 1603 1522 convenit
1636 1469 1880 1532 Sinanum,

404 1561 543 1624 eique
569 1576 750 1609 arcana
787 1559 947 1608 omnia
984 1558 1163 1621 Legati
1190 1557 1357 1606 ordine
1395 1557 1632 1622 apperuit.
1672 1555 1882 1605 Sinanus

407 1644 636 1693 demirari
662 1644 832 1708 prim0,
860 1657 983 1705 quae
1010 1642 1296 1703 dicerentur,
1321 1646 1495 1705 postea
1518 1641 1696 1690 tacitus
1720 1654 1883 1688 secum

317 1720 320 1730 ²
404 1728 648 1791 cogitare,
688 1743 750 1776 an
777 1726 951 1775 cadere
975 1726 1026 1774 in
1053 1724 1293 1774 hominem
1317 1729 1502 1773 tantum
1527 1725 1668 1773 nefas
1699 1726 1883 1787 posset,

406 1811 487 1876 qui
514 1812 659 1875 paulo
697 1816 808 1860 ante
846 1825 1009 1859 secum
1045 1810 1115 1858 ita
1154 1808 1419 1857 collocutus
1452 1808 1650 1869 fuisset,
1687 1807 1882 1856 tandem

405 1895 671 1959 periculum
685 1895 876 1943 omnino
897 1895 1001 1943 eius
1027 1893 1098 1941 rei
1110 1893 1275 1942 facere
1290 1891 1520 1953 decrevit,
1544 1890 1688 1940 mittit
1700 1905 1884 1940 summa

404 1978 653 2027 celeritate
678 1978 879 2040 Budam,
907 1982 956 2025 61
981 1976 1045 2025 ad
1068 1977 1292 2037 Bassam,
1319 1975 1432 2039 quid
1455 1974 1562 2024 fieri
1586 1975 1729 2035 velit,
1769 1973 1884 2023 scri-

403 2062 488 2110 bit.
517 2062 568 2110 Is
593 2062 737 2125 paulo
763 2066 876 2126 post
900 2061 1238 2110 advenientem
1258 2059 1436 2122 Legati
1461 2058 1770 2107 tabellarium
1801 2057 1882 2107 ad-

407 2145 515 2194 duci
528 2145 592 2193 ad
606 2160 659 2195 se
673 2146 820 2207 iubet,
847 2159 1150 2207 excussoque
1159 2144 1438 2206 diligenter,
1453 2142 1682 2206 quicquid
1693 2141 1883 2206 uspiam

403 2227 620 2276 abditum
644 2229 826 2290 habuit,
853 2229 1026 2289 aufert,
1054 2227 1295 2290 mittitque
1322 2225 1567 2290 extemplo
1596 2223 1880 2286 Sinan0,rc-

403 2315 536 2360 tento
574 2312 703 2375 apud
742 2327 795 2360 se
831 2311 1071 2375 tantisper
1108 2310 1299 2359 homine
1327 2329 1336 2358 :
1374 2309 1487 2358 dum
1524 2308 1638 2372 quid
1672 2306 1881 2357 Sinanus

404 2394 557 2444 vellet
583 2395 641 2443 de
668 2410 724 2444 eo
750 2396 870 2456 fieri,
886 2399 1216 2458 cognosceret.
1242 2394 1321 2442 Ex
1346 2393 1408 2441 iis'
1431 2392 1588 2441 literis
1616 2392 1679 2440 ad
1703 2390 1881 2440 Aulam

404 2477 624 2544 perlatis,
650 2478 889 2541 lectisque
916 2478 1075 2526 omnia
1101 2492 1158 2526 eo
1173 2477 1319 2541 plane
1345 2476 1500 2536 mod0,
1529 2489 1622 2539 quo
1648 2476 1709 2524 ab
1723 2474 1879 2524 indice

402 2565 594 2617 fuerant
613 2563 903 2626 significata,
917 2563 1247 2611 innotuerunt:
1276 2561 1520 2625 Repertae
1535 2564 1647 2610 sunt
1671 2559 1796 2608 enim
1807 2559 1876 2607 in—

404 2653 479 2697 ter
507 2652 670 2696 cetera
694 2646 913 2711 duplices
946 2645 1124 2708 Legati
1150 2646 1346 2706 literae,
1373 2645 1527 2705 aliae,
1568 2658 1690 2706 quas
1718 2643 1780 2692 ad
1806 2641 1878 2691 Si-

405 2732 520 2794 nani
543 2716 897 2795 praescriptum
924 2734 1229 2790 exaraverat,
1257 2729 1384 2777 aliae
1412 2729 1586 2792 quibus
1614 2728 1786 2787 omnia,
1810 2727 1899 2796 ins

407 2815 600 2878 genium
627 2830 763 2863 suum
790 2815 1036 2875 detegens,
1064 2827 1154 2860 nec
1178 2813 1264 2862 ulli
1289 2827 1511 2876 parcens,
1538 2827 1634 2861 11011
1660 2808 1879 2871 Caesari,

405 2915 502 2948 non
528 2899 631 2947 eius
657 2898 920 2958 Ministris,
947 2898 1080 2945 illum
1103 2895 1342 2956 desidem,
1381 2895 1699 2958 foeminisquc
1724 2907 1879 2958 pensa

408 2983 724 3043 dividentem,
762 2982 894 3031 bella
929 2981 1232 3047 provinciaS,
1272 2986 1319 3029 et
1344 2981 1477 3029 bella
1515 2980 1877 3043 cauponantem,
