2112 3288
439 193 540 243 222
979 209 1042 242 10.
1069 206 1202 240 maon
1227 205 1420 239 BARovn

434 330 487 375 ut
511 324 718 389 amplius
745 322 972 374 Sinanum
998 328 1264 382 vereretur,
1303 337 1444 386 quem
1484 322 1592 386 ipse
1618 327 1813 387 putaret
1837 323 1908 373 fu-

436 409 659 473 giturum,
685 424 775 458 nec
799 421 1003 472 usquam
1029 407 1149 456 alibi
1175 422 1316 470 quam
1343 405 1392 453 in
1418 421 1530 454 arce
1559 403 1832 468 Girgiovia‚
1869 405 1914 454 si

433 496 595 540 tamen
619 491 907 541 manendum
953 494 1187 551 censeret,
1227 489 1392 553 copias
1418 488 1660 553 Principis
1688 493 1912 554 expecta-

433 580 588 624 turum
616 589 739 623 esse.
789 574 866 623 Ita
891 573 1174 622 Balthasari
1210 572 1526 621 Bornemisza
1567 588 1672 620 cum
1699 572 1910 621 Memhe-

434 660 659 723 te-Beg0,
687 657 1044 708 Ianiczarorum
1059 657 1332 718 Praefecto,
1361 657 1662 718 commissus,
1690 656 1740 704 in
1753 671 1933 706 arcem*

435 742 741 806 Fogarasum
767 740 1005 790 abductus
1033 745 1119 789 est.
1165 740 1372 789 Inventa
1409 739 1593 804 suntin
1631 755 1749 788 arce
1794 739 1915 790 Ter-

435 826 693 890 govistana
733 832 930 890 praeter
969 825 1217 888 ingentem
1255 823 1470 888 pulveris
1508 823 1809 872 tormentarii
1841 839 1916 872 ce-

431 916 738 974 terorumque
776 914 1125 960 commeatuum
1164 908 1367 973 copiam,
1395 907 1680 958 XXXVIII
1712 909 1916 971 minora,

434 1000 640 1059 quatuor
663 994 826 1043 iustae
855 993 1198 1057 magnitudinis
1223 996 1462 1041 tormenta
1486 992 1678 1042 bellica.
1732 1060 1734 1062 V

690 1254 919 1305 OAPVT
958 1251 1284 1303 DECIMVM
1321 1253 1659 1305 TERTIVM.

445 1374 521 1422 De
540 1374 794 1423 Bokoresto
822 1393 853 1422 a
872 1373 1044 1421 Turcis
1071 1372 1265 1433 deserto,
1293 1391 1322 1421 a
1337 1373 1610 1438 nostrisque
1625 1384 1916 1439 recuperato.

588 1492 859 1543 Secundum
874 1492 1000 1542 hanc
1014 1493 1268 1543 victoriam
1282 1492 1533 1557 Princeps,
1548 1494 1751 1559 sepultis
1766 1499 1927 1559 poste-

444 1594 499 1627 ro
527 1577 603 1626 die
631 1575 1020 1626 Christianorum
1049 1577 1385 1639 cadaveribus,
1413 1578 1672 1642 missisque
1697 1579 1925 1633 trecentis

448 1677 508 1711 ex
522 1661 649 1709 omni
661 1675 858 1710 numero
874 1661 1069 1710 selectis
1085 1661 1341 1724 equitibus,
1368 1661 1449 1724 qui
1477 1667 1739 1711 extremum
1753 1677 1926 1726 agmen

447 1744 688 1809 carpendo
714 1743 956 1806 fugientes
983 1749 1354 1804 remorarentur,
1392 1750 1631 1793 tormenta
1655 1746 1922 1808 praemisit.

449 1827 547 1877 Sed
572 1843 677 1876 cum
702 1832 1040 1876 antecursores
1079 1827 1142 1875 ad
1178 1827 1227 1875 id
1261 1827 1434 1876 delecti
1460 1828 1702 1890 fugientes
1729 1829 1926 1892 assequi

447 1911 802 1976 nequivissent,
827 1911 1033 1974 ipsemet
1059 1926 1248 1975 quoque
1275 1926 1369 1960 non
1400 1911 1607 1976 amplius
1634 1911 1791 1962 triduo
1805 1913 1925 1962 Ter,

447 1996 628 2058 govisti
652 2000 879 2057 moratus,
906 2010 1012 2044 cum
1036 1995 1280 2044 universis
1299 1995 1453 2059 copiis
1468 1995 1794 2045 Bokorestum
1819 2011 1925 2046 ver-

450 2095 533 2130 sus
558 2080 651 2128 iter
675 2079 892 2128 intendit.
944 2079 1189 2128 Munierat
1227 2079 1348 2128 illud
1377 2077 1587 2128 Sinanus
1612 2080 1758 2142 lon'ge
1784 2095 1926 2143 quam
1988 2079 1993 2088 “

451 2162 799 2226 Tergovistum
826 2163 1121 2226 diligentius,
1149 2164 1371 2227 omnique
1386 2169 1729 2213 tormentorum
1745 2168 1792 2213 et
1805 2179 1928 2225 com-

450 2252 691 2297 meatuum
717 2262 898 2310 genere
925 2247 994 2296 ita
1018 2248 1333 2309 instruxerat,
1371 2252 1422 2296 ut
1462 2248 1593 2296 velut
1616 2248 1927 2313 praecipuam

453 2331 601 2382 totius
627 2331 746 2379 belli
782 2347 944 2380 arcem
986 2331 1081 2380 sibi
1106 2332 1212 2380 fore
1250 2347 1345 2381 non
1384 2331 1640 2379 dubitaret.
1690 2330 1769 2379 Ad
1805 2332 1927 2381 haec

451 2413 785 2464 selectissimis
812 2414 956 2463 etiam
995 2414 1265 2478 quibusque
1300 2414 1533 2462 militibus
1561 2430 1621 2463 ex
1649 2414 1775 2463 omni
1796 2420 1925 2464 vete-

451 2513 677 2548 ranorum
726 2498 1241 2562 praetorianorumque
1289 2514 1486 2547 numero
1536 2498 1714 2548 viritim
1764 2499 1826 2547 ad
1874 2499 1925 2548 id

457 2599 643 2652 summa
669 2581 921 2647 diligentia
947 2583 1149 2632 delectis
1187 2583 1255 2631 ita
1281 2583 1592 2644 instruxerat,
1620 2588 1672 2632 ut
1699 2584 1791 2632 hoc
1815 2584 1923 2648 ipso

454 2667 602 2717 totius
628 2666 870 2716 exercitus
896 2668 1086 2728 robore,
1113 2666 1259 2716 facile
1287 2682 1472 2715 omnem
1489 2666 1698 2716 hostium
1711 2668 1806 2716 vim
1819 2683 1928 2731 pro·

456 2750 644 2816 pulsari
665 2737 668 2741 ’
691 2765 837 2815 posse
886 2766 981 2800 non
1019 2749 1271 2798 diffideret.
1334 2750 1779 2809 Verumenimvem,
1817 2749 1926 2798 Deo

459 2827 669 2899 propitio
698 2849 884 2885 omnem
908 2833 1190 2884 Barbaricis
1215 2832 1440 2882 hostibus
1466 2833 1717 2883 audaciam
1729 2833 1930 2882 miracu-

456 2917 565 2966 losa
588 2932 790 2982 prorsus
815 2918 1003 2968 ratione
1028 2917 1282 2978 adimente,
1309 2921 1360 2964 ut
1383 2917 1586 2981 primum
1614 2917 1806 2967 'Furcae
1832 2917 1926 2966 Bo-

460 3000 698 3050 korestini
746 3003 795 3051 in
844 3001 1089 3066 praesidio
1129 3000 1286 3050 relicti
1325 3005 1517 3065 captum
1554 3005 1655 3051 tam
1707 3000 1930 3050 celeriter
