2112 3288
443 178 512 229 54
962 197 1026 232 10.
1053 197 1186 231 DEcn
1210 198 1407 233 BARovn

444 326 551 360 cum
578 311 736 361 animo
764 327 851 362 suo
880 317 1087 377 reputet,
1116 320 1290 377 quotus
1317 314 1522 378 quisque
1560 311 1636 377 si't,
1672 316 1720 364 in
1745 315 1808 364 iis
1834 331 1930 366 om·

443 395 587 445 nibus
613 396 896 460 provinciis,
924 401 973 445 et
999 398 1181 461 regnis,
1220 399 1302 462 qui
1346 399 1550 449 eandem
1587 415 1695 449 cum
1721 399 1793 449 eis
1819 399 1931 449 reli-

443 480 639 543 gionem
665 482 809 530 colat.
844 482 948 530 Iam
975 498 1035 531 ne
1059 482 1156 546 ipsi
1182 483 1374 546 quidem
1402 484 1732 533 Mohametani
1767 483 1819 532 in
1843 483 1928 532 im·
1973 489 1975 493 ’

442 563 526 628 pia
549 563 639 613 illa
675 565 1026 630 superstitione
1062 567 1189 616 inter
1227 582 1280 616 se
1318 582 1485 617 omnes
1511 569 1804 618 conveniunt
1831 566 1929 630 alii,

441 648 760 713 insequuntur
814 648 1086 711 Omarium,
1140 656 1188 700 et
1238 651 1308 700 ita
1342 652 1488 701 divisi
1526 652 1575 701 in
1614 657 1777 701 sectas
1802 654 1949 704 sunt„

385 743 393 750 ·
439 736 493 781 ut
517 731 660 782 sicuti
685 732 812 782 inter
837 747 944 793 nos,
976 733 1055 782 ita
1095 733 1144 782 in
1177 734 1302 798 ipsis
1330 750 1520 798 quoque
1545 735 1745 799 vigeant
1781 735 1930 784 intes-

438 800 541 867 tifia
566 817 692 879 odia,
722 821 887 866 mutua
913 816 1135 878 dissidia,
1162 822 1210 866 et
1234 818 1392 867 bena:
1431 819 1517 867 sed
1554 819 1604 867 in
1630 818 1756 868 Asia
1779 819 1930 884 potis·

439 901 623 963 simum,
651 905 699 950 et
724 901 940 966 Europa,
966 901 1050 949 ubi
1075 902 1335 950 maximum
1375 917 1540 951 eorum
1566 904 1731 964 robur,
1770 908 1819 953 et
1843 905 1927 954 im-

436 985 562 1051 perii
587 984 734 1034 sedes
761 990 849 1046 est,
901 1000 1061 1034 nonne
1091 985 1272 1051 ubique
1311 985 1374 1034 iis
1411 986 1515 1036 fere
1552 988 1845 1049 nationibus,
1880 992 1950 1038 et=

438 1069 683 1133 gentibus,
709 1083 833 1133 quas
859 1068 981 1117 nihil
1005 1083 1263 1118 recensere
1290 1074 1366 1118 est
1391 1085 1528 1134 opus,
1556 1086 1663 1120 cum
1689 1076 1865 1136 sponte
1878 1073 1928 1122 in

443 1153 651 1202 omnium
687 1156 876 1201 mentes
915 1153 1191 1213 incurrant,
1223 1167 1347 1216 quae
1386 1167 1560 1203 nomen
1598 1153 1930 1222 Christianum

436 1238 741 1302 profitentur,
769 1237 883 1299 jura
910 1237 1038 1295 dant,
1055 1252 1238 1300 easque
1252 1237 1434 1286 habent
1448 1239 1719 1302 vectigales
1733 1238 1757 1286 P
1769 1229 1927 1290 nonne

437 1321 607 1370 videre
633 1324 722 1381 est,
767 1334 853 1369 eas
892 1334 1075 1380 omnes,
1128 1335 1253 1384 quae
1290 1325 1388 1370 tam
1431 1322 1574 1384 gravi
1621 1337 1786 1371 eorum
1812 1323 1929 1387 iugo

441 1410 743 1471 premuntur,
770 1410 818 1455 et
843 1420 969 1470 quae
995 1405 1076 1454 vel
1102 1405 1150 1454 in
1175 1405 1395 1470 ipsorum
1410 1407 1683 1456 visceribus
1697 1406 1929 1469 resident,

435 1505 591 1555 prope
616 1489 1020 1554 inspectantibus,
1049 1493 1098 1538 et
1124 1474 1436 1539 audientibus
1469 1491 1610 1555 ipsis,
1649 1506 1708 1540 eo
1733 1492 1926 1541 nomine

437 1573 652 1638 quotidie
678 1574 788 1623 Deo
816 1589 963 1622 sacra
987 1574 1167 1634 facere,
1195 1575 1675 1639 supplicationesque
1700 1574 1932 1644 indicere,

435 1663 488 1707 ut
512 1658 574 1706 ab
601 1672 767 1707 eorum
793 1658 1033 1707 servitute
1058 1657 1340 1707 liberentur.
1393 1659 1521 1708 Mira
1559 1674 1679 1708 sane
1705 1674 1786 1709 res
1813 1674 1927 1708 esse

435 1741 699 1800 videretur,
727 1741 978 1805 quomod0,
1006 1746 1055 1790 et
1082 1757 1225 1805 quam
1250 1743 1395 1806 pauci
1419 1757 1617 1792 numero
1645 1739 1717 1807 (ut
1753 1743 1837 1792 vix
1864 1742 1927 1792 ad

438 1830 669 1874 centenos
697 1840 915 1888 quosque
943 1823 1348 1887 Christianorum,
1389 1826 1471 1889 qui
1497 1826 1545 1874 in
1572 1826 1775 1890 Europa
1802 1830 1926 1888 sunt,

436 1909 606 1958 habito
633 1923 795 1971 censu,
823 1908 1004 1973 singuli
1032 1909 1226 1958 Turcae
1265 1905 1513 1973 cederent)
1554 1913 1602 1957 et
1642 1909 1771 1957 omni
1808 1924 1928 1958 vera

435 1993 615 2043 virtute
641 1993 887 2054 destituti,
937 1993 986 2042 in
1023 1999 1122 2043 tam
1161 1995 1317 2044 cultas
1357 1998 1546 2057 gentes,
1598 1997 1646 2041 et
1685 2007 1927 2043 armorum

433 2077 594 2141 gloria
620 2077 782 2125 claras
811 2091 1045 2125 exercere
1070 2077 1268 2146 impune
1294 2077 1417 2126 adeo
1456 2076 1732 2126 diuturnam
1755 2079 1924 2141 tyran-

435 2161 596 2210 nidem
619 2160 879 2226 potuerint,
906 2160 1003 2210 nisi
1029 2175 1087 2209 eo
1115 2146 1625 2221 animisrecurramus,
1654 2159 1782 2223 quod
1807 2159 1923 2208 olim

433 2249 599 2294 vatum
623 2243 924 2308 temporibus
949 2245 1130 2308 populo
1158 2244 1435 2293 Israelitico
1461 2243 1511 2292 in
1537 2259 1596 2292 ea
1622 2242 1755 2291 orbis
1770 2247 1925 2307 parte,

435 2329 486 2377 id
510 2327 692 2377 ultimis
717 2327 795 2376 his
821 2326 1015 2389 seculis,
1056 2327 1230 2390 quibus
1284 2327 1381 2375 Dei
1418 2327 1646 2375 voluntas
1671 2325 1923 2389 patefacta

432 2412 483 2461 in
507 2412 605 2473 ista
633 2425 823 2474 quoque
869 2410 1030 2460 mundi
1067 2411 1219 2475 plaga
1254 2416 1342 2471 est,
1382 2410 1526 2459 nobis
1560 2408 1817 2478 evenisse,
1847 2410 1927 2458 Ita

433 2496 626 2545 illorum
668 2495 860 2562 scelera
907 2494 1047 2543 ultus
1074 2495 1211 2543 Deus
1238 2498 1326 2553 est,
1377 2499 1430 2542 ut
1467 2508 1552 2542 eos
1578 2491 1925 2542 abiectissimis

435 2579 664 2644 gentibus
690 2578 1021 2640 castigandos,
1057 2578 1471 2641 corrigendosque
1510 2577 1662 2626 daret.
1712 2579 1792 2627 Ita
1833 2591 1923 2626 nos

437 2646 643 2728 quoque,
668 2679 757 2728 per
782 2663 908 2712 hanc
932 2663 1183 2727 profanae,
1210 2663 1524 2726 impuraeque
1562 2661 1724 2723 gentis
1755 2662 1807 2710 in
1830 2676 1922 2711 nos

435 2746 820 2807 dominationem,
849 2746 1059 2811 expiatis
1085 2762 1145 2795 ea
1170 2761 1301 2795 noxa
1324 2746 1506 2795 nostris
1531 2745 1676 2807 vitiis,
1709 2745 1772 2794 ad
1797 2745 1922 2794 acci-

432 2825 657 2895 piendam
709 2846 846 2880 suam
897 2830 1230 2895 disciplinam,
1282 2831 1564 2893 legemque,
1617 2845 1741 2893 quae
1791 2829 1922 2901 vitae

427 2919 640 2976 nostrae,
692 2929 969 2979 morumque
1018 2914 1195 2977 regula
1246 2919 1404 2975 esset,
1458 2913 1700 2962 adducere
1749 2912 1914 2962 voluit.

428 2995 571 3057 Quod
595 3003 754 3048 autem
782 3002 929 3048 antea
953 3003 1024 3048 tot
1051 2992 1338 3061 magnorum
1352 2999 1710 3062 Imperatorum
1734 2999 1917 3060 tempo-
