2112 3288
498 178 599 230 246
1026 199 1089 232 10.
1122 199 1254 232 onon
1279 199 1474 233 BARovn

928 361 1159 415 OAPVT
1203 363 1556 424 QVARTVM.

498 468 575 525 De
600 469 734 517 abitu
758 468 1004 533 Principis
1032 471 1098 519 ad
1122 471 1436 535 Retclolplzum
1466 471 1730 537 Caesarem,
1770 483 1812 523 et
1835 478 1985 525 caesis

569 553 624 602 ob
651 553 1001 602 rebellationem
1030 555 1362 619 supplicioque
1388 553 1570 618 affectis
1591 556 1915 620 compluribus

1152 636 1347 688 Siculis.

640 746 812 809 Itaque
839 751 951 811 post
978 745 1231 796 celebrata
1257 741 1445 796 Christi
1469 747 1750 807 Saluatorisx
1762 749 1987 801 natalitia

502 830 769 894 assumptis
818 845 980 879 secum
1020 830 1209 880 Achate
1247 846 1334 880 suo
1370 830 1619 896 Stephano
1657 832 1839 883 Josika
1863 831 1988 885 Oan-

504 914 721 975 cellariO,
748 912 972 978 Casparo
999 915 1189 964 Kornis
1228 921 1277 964 et
1314 916 1426 964 aliis
1452 917 1711 978 nonnullis,
1751 932 1986 971 commen·-

505 999 718 1063 dataque
731 996 894 1061 Regni
919 1013 1035 1047 cura
1051 997 1389 1048 Christiernae
1415 999 1605 1049 Mariae
1624 1001 1984 1063 consorti‚Ste-

499 1081 761 1146 phanoque
798 1082 1064 1143 BoczkaiO,
1111 1083 1309 1132 mutatis
1361 1083 1422 1131 ad
1472 1083 1774 1133 celeritatem
1809 1068 1988 1149 ubique

499 1167 713 1215 locorum
739 1165 976 1223 iumentis,
1018 1165 1258 1215 Viennam
1295 1166 1515 1230 primum,
1550 1183 1608 1215 ac
1634 1167 1745 1217 inde
1770 1166 1986 1237 Pragam

501 1250 750 1314 profectus
779 1255 866 1299 est.
894 1250 1095 1299 Interim
1123 1251 1369 1313 nobilitas,
1399 1252 1534 1300 cuius
1561 1268 1620 1301 ea
1643 1268 1725 1302 res
1741 1253 1991 1316 intererat,

502 1333 698 1382 decreta
725 1332 1025 1383 comitiorum
1052 1334 1411 1399 subscriptione
1439 1334 1682 1399 Principis
1708 1337 1992 1388 confirmata

498 1417 549 1466 in
586 1417 809 1467 omnibus
838 1417 1111 1468 Siculorum
1147 1419 1348 1469 sedibus
1387 1415 1475 1483 (ita
1513 1425 1689 1469 vocant
1726 1427 1992 1472 conventus

500 1517 589 1551 seu
639 1500 914 1568 comitatus)
965 1504 1147 1564 Maros,
1199 1504 1507 1568 Udvarhely,
1561 1503 1712 1566 Csik,·
1738 1503 1992 1572 Gyergyo,

499 1586 722 1647 Kaszon‚
753 1586 940 1652 Szepsi,
968 1588 1145 1648 Kezdi,
1173 1587 1342 1647 Orbai,
1381 1587 1577 1652 publice
1600 1589 1851 1639 recitanda
1876 1604 1987 1653 pro-

502 1670 865 1734 mulgandaque
893 1678 1166 1733 curaverat,
1194 1687 1375 1736 eosque
1396 1687 1484 1736 per
1507 1672 1780 1723 ordinarios
1807 1675 1993 1724 sedium

501 1755 735 1814 notarios,
749 1756 928 1820 partim
936 1757 1180 1820 precibus,
1194 1757 1372 1821 partim
1384 1756 1526 1805 minis
1542 1757 1800 1806 adhortata
1814 1759 1990 1820 fuerat,

501 1845 553 1888 ut
580 1855 640 1889 ex
667 1841 974 1905 praescripto
1002 1841 1247 1905 Principis
1275 1856 1334 1890 ac
1359 1841 1507 1890 totius
1534 1840 1696 1904 Regni
1722 1857 1855 1891 more
1882 1857 1991 1890 con-

503 1929 640 1973 sueto
666 1924 889 1988 pristinis
916 1926 1019 1975 suis
1047 1926 1251 1975 dominis
1279 1925 1460 1974 addicti
1485 1926 1659 1974 forent.
1702 1923 1856 1974 Siculi
1882 1941 1988 1975 culn

502 2023 593 2056 nec
618 2008 930 2069 bombardas,
957 2025 1048 2059 nec
1061 2015 1308 2075 tympana,
1336 2009 1616 2073 vexillaque
1642 2008 1879 2074 Princeps
1906 2008 1988 2058 ad-

502 2092 596 2142 huc
623 2093 694 2142 eis
722 2093 980 2143 adimenda
1007 2098 1244 2155 curasset,
1284 2093 1484 2142 credere
1521 2093 1654 2142 nullo
1680 2096 1825 2157 pacto
1851 2098 1986 2156 pote-

502 2181 625 2238 rant,
654 2191 707 2225 se
733 2177 981 2226 voluntate
1009 2178 1113 2227 eius
1138 2177 1296 2240 redigi
1322 2177 1370 2224 in
1407 2176 1665 2241 pristinam
1698 2176 1992 2228 servitutem.

502 2259 716 2309 Proinde
754 2262 898 2310 factis
926 2261 1231 2322 coitionibUS,
1259 2276 1365 2309 cum
1389 2259 1826 2308 interdumliteras
1853 2259 1991 2309 Prin-

505 2343 626 2407 cipis
655 2358 712 2391 eo
739 2345 929 2393 nomine
957 2345 1167 2409 scriptas
1207 2344 1539 2407 efflagitarent
1573 2359 1602 2391 a
1627 2342 1895 2405 nobilitate,
1920 2345 1989 2393 in-

504 2426 692 2476 terdum
720 2442 826 2476 cum
866 2428 1136 2478 iuramento
1165 2428 1380 2492 Principi
1419 2426 1656 2490 praestito
1683 2442 1989 2492 nequaquam

507 2526 561 2560 se
588 2511 896 2566 discessuros
935 2517 1271 2561 causarentur:
1309 2511 1504 2560 tandem
1541 2525 1635 2559 uno
1675 2525 1842 2561 omnes
1881 2527 1991 2562 con-

507 2610 669 2656 sensn,
696 2596 827 2645 facta
852 2596 978 2645 clam
993 2596 1354 2660 conspiratione
1370 2595 1657 2644 decernunt:
1684 2586 1992 2668 nequaquam

505 2680 751 2745 nobilitati
775 2695 957 2729 morem
984 2681 1262 2744 gerendum,
1291 2680 1379 2729 sed
1418 2679 1511 2729 soli
1536 2678 1754 2743 Principi
1791 2690 1992 2744 operam

506 2765 867 2832 praestandam,
907 2763 1053 2813 malle
1093 2779 1147 2813 se
1185 2764 1362 2813 millies
1410 2763 1545 2824 mori,
1591 2776 1735 2827 quam
1771 2762 1992 2826 pristinis

460 2841 468 2849 ’
509 2848 733 2898 Dominis
761 2848 1109 2908 obsecundare,
1153 2862 1353 2911 quorum
1378 2850 1566 2896 tantam
1603 2845 1654 2894 in
1680 2861 1735 2894 sc
1761 2846 1994 2896 carnifici-

491 2948 620 2981 ·nam
647 2939 695 2981 et
720 2933 908 2997 pridem
935 2932 1123 2996 experti
1148 2932 1368 2990 fuissent,
1398 2936 1446 2980 et
1465 2931 1613 2979 multo
1639 2931 1797 2994 magis
1817 2932 1994 2996 vexper-

510 3017 603 3065 turi
631 3017 945 3080 imposterum
959 3017 1131 3075 forent,
1159 3015 1411 3078 satiusque
1437 3015 1558 3073 fore,
1585 3019 1636 3062 ut
1649 3019 1819 3078 aperto
1834 3015 2001 3066 Marte
