2112 3288
560 192 623 229 m:
649 194 754 230 Rue.
781 194 892 231 vno.
924 196 1032 232 nno.
1062 199 1104 230 x.
1132 199 1180 232 L.
1207 200 1271 234 1x.
1515 200 1522 203 “
1580 189 1683 240 193
1707 213 1711 218 ·

576 729 887 794 LIBER
943 731 1291 798 NONVS·

572 992 573 995 *
669 923 900 975 CAPVT
926 925 1212 977 PRIMVM.

194 1031 270 1081 De
309 1033 486 1102 obsesso
511 1030 773 1101 Striqonw,
811 1045 854 1084 et
892 1034 1176 1104 profligatis
1213 1037 1481 1087 Bassarum
1521 1040 1687 1103 copiis.

338 1149 563 1208 Nondum
591 1156 787 1223 Sponsa
813 1159 862 1207 in
890 1157 1308 1225 Transylvaniam
1337 1160 1546 1210 adducta
1583 1161 1684 1210 fue-

197 1243 287 1302 rat,
312 1255 403 1290 nee
429 1240 686 1306 quicquam
713 1243 1051 1306 Transylvani
1087 1249 1256 1294 contra
1296 1245 1487 1296 'Furcas
1526 1246 1686 1295 adhuc

198 1339 255 1374 eo
279 1340 409 1375 anno
433 1327 795 1391 praestiterant,
812 1344 917 1377 eum
932 1328 1223 1393 Rudolphus
1238 1327 1428 1379 Caesar
1452 1331 1685 1381 collectas

199 1409 622 1476 cataphractorum
649 1412 861 1476 equitum
877 1429 934 1462 ae
949 1413 1165 1478 peditum
1182 1412 1586 1465 Germanicorum
1609 1431 1685 1465 co-

197 1494 321 1560 pias,
348 1494 575 1545 adiuncta
599 1496 661 1545 iis
687 1498 1008 1548 selectissima
1023 1498 1336 1562 Vngarorum
1375 1516 1532 1559 mann,
1567 1500 1687 1549 duce

203 1575 414 1628 Matthia
438 1579 605 1640 fratre,
640 1596 697 1628 ae
723 1582 890 1644 legato
920 1581 1024 1631 eius
1041 1580 1228 1631 Oarolo
1255 1583 1428 1632 comite
1455 1583 1689 1633 Mansfel-

202 1663 354 1725 densi,
368 1661 505 1713 Petri
520 1663 721 1714 Ernesti
748 1664 1110 1715 Gubernatoris
1137 1667 1555 1730 Lucelburgensis
1569 1668 1689 1731 filio,

201 1762 341 1811 quem
353 1746 501 1812 paulo
527 1753 640 1798 ante
662 1748 858 1813 Pragae
873 1749 1119 1815 Principis
1146 1750 1384 1814 dignitate
1410 1758 1691 1814 ornaverat,

213 1819 546 1897 exercituique
561 1833 826 1884 christiano
853 1836 915 1884 ob
933 1835 1159 1885 eximiam
1187 1835 1260 1885 rei
1291 1836 1520 1886 militaris
1538 1837 1691 1887 seien-

207 1916 326 1966 tiam
337 1918 660 1982 praefecerat,
689 1919 752 1969 ad
765 1920 1069 1969 obsidionem
1084 1918 1324 1984 Strigonii
1337 1922 1584 1985 proficisci
1598 1922 1692 1971 ius-

206 2000 285 2051 sit.
313 2001 382 2062 IS,
410 2006 463 2051 ut
489 2007 596 2052 erat
622 2009 671 2053 et
696 2005 900 2054 consilio
922 2004 1318 2069 promptissimus
1346 2010 1395 2053 et
1420 2021 1565 2054 manu
1595 2007 1692 2054 for-

204 2083 439 2146 tissimus,
468 2086 785 2152 omnibusque
810 2087 1125 2153 imperatoris
1151 2088 1414 2137 virtutibus
1441 2104 1695 2154 propemo-

206 2168 318 2219 dum
342 2169 755 2236 incomparabilis‚
782 2189 841 2222 ae
863 2173 1131 2237 singularis
1158 2173 1398 2222 solertiae
1426 2175 1695 2238 specimina

204 2252 255 2302 in
278 2253 489 2317 belgicis
515 2270 574 2304 ae
599 2252 794 2317 gallicis
832 2257 977 2306 bellis
1018 2257 1253 2317 ediderat,
1305 2263 1506 2323 accepto
1546 2259 1695 2324 impe-

202 2337 275 2387 rio
301 2338 548 2388 Iaurinum
572 2340 702 2389 fame
736 2341 1112 2405 expugnandum
1149 2347 1301 2403 ratus,
1330 2335 1486 2406 ⁴quam
1524 2343 1570 2391 ei
1607 2344 1692 2391 mi-

203 2437 323 2473 nare
350 2422 610 2484 videretur,
636 2430 773 2475 recta
799 2424 1099 2489 Strigonium
1132 2426 1280 2487 duxit,
1321 2426 1694 2491 arctissimaque

204 2506 324 2555 illud
362 2508 614 2558 obsidione
654 2511 969 2560 circumvenit
1006 2510 1241 2560 Calendis
1270 2511 1394 2572 Iulii,
1434 2528 1493 2561 ac
1530 2513 1693 2561 statim

208 2590 674 2657 Nonis-oppugnare
702 2597 879 2661 coepit.
907 2598 1109 2646 Interim
1136 2613 1196 2646 ex
1226 2597 1453 2647 diuturna
1479 2597 1695 2647 bellandi

209 2675 552 2726 consuetudine
579 2680 700 2729 satis
729 2681 954 2743 edoctus,
981 2688 1277 2747 tenerosque
1316 2696 1552 2731 novorum
1594 2682 1694 2746 Ty-

208 2775 377 2809 ronum
403 2776 463 2810 ex
479 2760 746 2814 Germania
774 2772 1084 2818 evocatorum
1108 2768 1296 2817 animos
1314 2766 1539 2815 Turcicis
1552 2781 1695 2830 prae-

209 2845 360 2894 liandi
399 2847 613 2897 moribus
651 2849 935 2901 imbuendos
978 2858 1130 2912 ratus,
1163 2852 1316 2900 variis
1343 2865 1428 2899 eos
1456 2855 1697 2912 stratage-

211 2930 421 2979 matibus
473 2930 535 2979 ad
573 2932 826 2983 audaciam
862 2936 1293 2999 fortitudinemque
1349 2934 1697 2984 assuefecerat,

211 3013 335 3063 Erat
363 3031 388 3064 e
416 3016 617 3077 regione
645 3019 772 3067 arcis
801 3014 1155 3083 Strigoniensis
1184 3021 1233 3069 in
1261 3018 1450 3070 boreali
1477 3020 1585 3083 ripa
1602 3019 1698 3068 Da-

269 3120 423 3149 MONVM.
439 3121 547 3148 {1va
570 3123 660 3149 HIST
683 3138 714 3142 -
731 3124 978 3152 SCRIPTORES.
991 3127 1075 3153 XVII
1505 3114 1557 3156 13
