2112 3288
468 207 537 256 84
989 223 1053 256 10.
1080 222 1212 256 1111011
1232 223 1429 257 BARovn

830 421 1060 497 oAPVT
1099 379 1594 473 nvonnoinM.

543 539 676 601 Quid
707 541 1098 592 sl’emesvczriensis
1125 543 1282 591 Bassa
1321 542 1490 590 audita
1528 556 1721 588 suorum
1747 537 1884 586 clade

1127 628 1288 693 egerit.

609 757 737 805 Dum
763 758 886 806 haec
913 765 1136 821 aguntur,
1163 759 1351 806 interea
1388 757 1551 804 Bassa
1579 753 1956 807 Temesvarien-

465 840 547 901 siS,
599 841 805 892 collecto
856 841 1021 904 aliquo
1073 857 1268 890 suorum
1301 855 1523 901 numer0,
1574 838 1637 886 ad
1681 839 1955 887 Zarvasum

464 924 874 985 castra-habebat,
889 930 937 972 et
951 925 1000 972 in
1015 939 1182 972 omnes
1197 929 1382 988 parteS,
1398 922 1637 986 quomodo
1651 919 1953 985 provinciam

462 1023 599 1056 suam
637 1013 867 1070 tueretur,
916 1008 1130 1056 intentus
1167 1007 1494 1055 observabat:
1546 1006 1605 1053 de
1647 1020 1705 1054 eo
1754 1004 1953 1052 multum

458 1092 719 1154 sollicitus,
747 1092 876 1154 quod
902 1091 1036 1140 nullo
1065 1091 1195 1140 edito
1222 1090 1421 1138 militari
1447 1104 1596 1153 opere
1633 1088 1778 1136 fidem
1804 1091 1952 1149 atque

465 1175 676 1224 officium
703 1190 841 1223 suum
867 1175 1110 1238 potuisset
1149 1174 1421 1222 declarare.
1448 1170 1571 1220 Cum
1597 1176 1756 1219 autem
1782 1169 1953 1218 nonde

461 1258 677 1307 Budensi
701 1262 888 1306 tantum
915 1258 1053 1305 clade
1093 1262 1276 1307 certum
1301 1257 1398 1305 iam
1425 1255 1649 1304 nuncium
1661 1253 1952 1318 accepisset,

461 1341 550 1389 sed
574 1341 624 1389 id
651 1342 796 1390 etiam
834 1342 1034 1405 insuper
1073 1346 1204 1389 certe
1242 1339 1570 1402 cognovisset,
1609 1337 1842 1400 Vngaros
1870 1335 1953 1383 Ti-

460 1425 693 1474 biscanos
721 1441 826 1473 cum
854 1424 1175 1474 Cassoviensi
1214 1423 1472 1473 Praefecto
1509 1420 1849 1471 Tiffenbachio
1876 1433 1953 1468 so-

461 1508 603 1557 ciatis
630 1509 796 1569 armis,
821 1509 1115 1557 transmisso
1141 1523 1332 1556 rursum
1349 1506 1567 1568 Tibisco‚
1595 1503 1774 1554 Fileko
1800 1503 1948 1552 immi-

459 1607 598 1639 nere:
626 1597 726 1640 tum
753 1597 945 1640 vertere
971 1592 1020 1639 in
1047 1606 1215 1640 omnes
1242 1596 1410 1653 partes
1437 1591 1663 1652 animum,
1689 1588 1832 1651 siqua
1856 1586 1951 1644 via,

465 1679 515 1723 et
539 1675 680 1723 modo
709 1691 875 1724 eorum
902 1675 1159 1723 conatibus
1186 1675 1257 1722 ire
1273 1674 1468 1723 obviam
1483 1677 1669 1737 posset.
1687 1673 1823 1721 Inter
1837 1669 1948 1731 alia,

467 1772 554 1806 ceu
582 1758 764 1807 oblitus
792 1773 970 1818 eorum,
1000 1773 1124 1821 quae
1150 1758 1247 1806 iam
1275 1764 1385 1806 acta
1411 1762 1613 1820 peracta
1641 1756 1864 1814 fuissent,
1890 1758 1950 1806 de

459 1841 528 1889 dit
551 1842 724 1890 literas
750 1841 815 1890 ad
841 1839 1141 1905 Stephanum
1167 1841 1480 1902 Bathoreum,
1527 1842 1608 1904 qui
1645 1841 1742 1890 iam
1782 1855 1837 1889 se
1862 1841 1949 1890 illo

459 1938 658 1973 munere
685 1938 773 1973 suo
800 1924 1131 1985 abdicaverat,
1159 1929 1211 1972 ut
1236 1916 1413 1972 statim*
1439 1939 1493 1972 se
1533 1940 1638 1972 cum
1666 1939 1722 1973 eo
1750 1925 1949 1974 coniun-

458 2011 614 2071 geret,
644 2006 1074 2069 communibusque
1101 2006 1244 2054 ambo
1286 2006 1473 2054 viribus
1512 2005 1575 2054 ad
1613 2007 1949 2070 reprimendos
1994 2070 1997 2074 .

463 2090 630 2140 hostes
656 2089 751 2137 iter
778 2089 1126 2138 accelerarent.
1168 2089 1243 2137 Eo
1281 2103 1377 2139 non
1403 2094 1674 2152 contentus,
1708 2090 1771 2139 ad
1809 2089 1948 2139 Prin-

463 2174 619 2238 cipem
646 2174 792 2222 etiam
822 2173 992 2222 eodem
1019 2173 1241 2236 exemplo
1277 2173 1488 2237 scripsit,
1538 2173 1589 2221 id
1618 2189 1762 2222 unum
1801 2162 1958 2223 curae*

458 2257 554 2306 sibi
579 2273 689 2306 esse
718 2257 913 2317 ducens,
940 2261 992 2304 ut
1020 2257 1218 2320 aliquod
1257 2257 1316 2305 de
1354 2272 1408 2305 se
1443 2257 1637 2320 providi
1675 2257 1811 2306 ducis
1838 2273 1947 2322 spe-

461 2340 617 2389 cimen
656 2341 801 2389 edere
828 2346 1012 2404 posset.
1040 2339 1278 2404 Princeps
1299 2355 1431 2401 vem,
1459 2355 1549 2389 nec
1581 2341 1823 2404 integrum
1849 2341 1947 2389 iam

459 2424 572 2485 sibi,
601 2423 818 2492 dimissis
844 2424 894 2471 in
920 2423 1144 2487 hyberna
1171 2422 1338 2487 copiis,
1368 2422 1417 2470 id
1444 2437 1570 2484 esse,
1597 2438 1687 2472 nec
1714 2423 1757 2471 si
1783 2438 1870 2473 eas
1896 2424 1946 2471 in

453 2513 686 2573 promptu
712 2507 932 2567 haberet,
959 2511 1162 2570 propter
1187 2506 1456 2555 instantem
1492 2507 1717 2571 hyemem
1765 2521 1944 2570 cogere

458 2607 544 2648 eos
572 2592 635 2640 ad
660 2592 841 2640 bellum
867 2590 1340 2655 posse,·respondit;
1379 2595 1525 2653 atque
1550 2591 1776 2640 nuncium
1801 2591 1945 2640 simul

456 2676 604 2724 etiam
629 2674 691 2723 ad
718 2673 1069 2739 explorandum
1096 2673 1200 2721 eius
1239 2672 1442 2721 consilia
1482 2673 1659 2737 potius,
1711 2689 1854 2737 quam
1891 2678 1944 2723 ut

454 2748 642 2825 aliquid
679 2774 929 2809 commune
968 2757 1064 2807 sibi
1104 2772 1211 2806 cum
1250 2772 1307 2805 eo
1341 2772 1454 2806 esse
1481 2763 1694 2822 cuperet,
1744 2757 1808 2806 ad
1833 2772 1942 2806 eum

452 2843 595 2891 misit.
626 2842 735 2902 Quo
762 2848 982 2906 tempore
1007 2841 1065 2903 is,
1093 2856 1198 2889 cum
1226 2840 1287 2889 ad
1315 2856 1420 2889 eum
1448 2841 1594 2903 venit,
1635 2841 1805 2890 eodem
1837 2840 1941 2890 fere

456 2927 735 2975 nunciatum
760 2927 852 2975 fuit
877 2926 963 2986 illi,
991 2940 1185 2974 suorum
1203 2924 1400 2985 auxilia,
1427 2940 1552 2988 quae
1567 2925 1631 2973 ad
1656 2924 1941 2974 solvendam

451 3009 621 3057 Fileki
647 3010 951 3058 obsidionem
980 3009 1192 3068 miserat,
1221 3008 1501 3072 profligata,
1529 3009 1858 3071 obsessosque
1889 3008 1938 3055 in
