2112 3288
499 172 563 205 Dn
582 171 689 204 nnn.
719 170 827 203 vno.
855 169 964 203 nno.
991 170 1036 202 x.
1062 170 1105 203 L.
1133 170 1233 203 v111.
1512 155 1619 206 ,171

451 706 764 772 LIBER
827 704 1310 771 OCTAVVS.

525 943 534 975 ;
600 900 833 951 CAPVT
872 899 1162 951 PRIMVM.

343 1010 422 1060 De
445 1010 657 1060 adventu
668 1009 886 1074 Sponsae
911 1010 1143 1060 Viennam
1168 1008 1411 1058 Austriae.

275 1132 566 1182 Destinatus
592 1132 756 1182 fuerat
780 1132 964 1198 nuptiis
990 1133 1053 1181 X.
1082 1131 1194 1181 Iulii
1221 1131 1342 1188 dieS,
1385 1131 1475 1180 sed
1514 1147 1629 1195 quo-

133 1218 292 1268 minus
328 1217 391 1267 ad
429 1233 538 1268 eum
576 1216 752 1267 adduci
779 1216 976 1283 Sponsa
1011 1216 1240 1283 potuerit,
1267 1216 1313 1264 in
1349 1231 1501 1265 causa
1525 1216 1629 1276 fuit,

134 1304 204 1352 uti
244 1318 394 1368 supra
430 1302 821 1361 memoravimus,
859 1302 1142 1366 insperatus
1171 1301 1358 1351 sororis
1405 1299 1631 1365 Sponsae

136 1388 312 1449 obituS,
351 1388 433 1452 qui
470 1392 732 1452 postquam
758 1388 854 1437 iter
878 1387 975 1436 iam
1003 1385 1198 1452 Sponsa
1236 1402 1341 1436 cum
1368 1390 1523 1434 matre
1561 1384 1630 1433 in-

135 1488 315 1537 gressa
339 1473 530 1535 fuisset,
555 1474 743 1538 ingenti
769 1489 877 1522 cum
902 1473 1111 1523 omnium
1139 1473 1307 1523 dolore
1335 1476 1384 1522 et
1408 1487 1504 1521 non
1518 1487 1627 1536 par-

135 1573 212 1607 vo.
235 1563 440 1623 coeptae
465 1558 539 1608 rei
576 1558 921 1623 impedimento
962 1558 1250 1622 contigerat.
1292 1557 1435 1608 Vnde
1488 1556 1628 1605 varia

90 1711 93 1713 A
139 1643 286 1692 etiam
310 1642 555 1691 hominum
580 1642 760 1691 iudicia
787 1643 881 1691 huc
906 1641 1025 1692 illuc
1052 1657 1230 1705 sparsa
1254 1642 1406 1702 fuere,
1433 1639 1631 1689 viduam

137 1726 414 1792 Principem
441 1726 746 1791 poenitentia
771 1727 888 1776 facti
915 1726 1107 1776 ductam
1132 1742 1236 1775 rem
1249 1724 1630 1791 procrastinare,

137 1816 187 1862 et
221 1810 356 1861 inani
393 1826 483 1877 spe
519 1810 796 1876 Principem
834 1810 1076 1872 lactandO,
1115 1810 1225 1860 ideo
1264 1810 1420 1859 solum
1447 1825 1632 1860 moram

137 1912 198 1946 ex
224 1910 362 1946 mora
386 1900 596 1956 nectere,
625 1911 733 1960 quc,
762 1896 870 1960 quis
898 1896 961 1946 sit
987 1896 1305 1946 Turcicarum
1332 1894 1632 1945 molitionum

138 1986 342 2031 eventus
367 1981 576 2041 futurus,
603 1986 740 2030 certo
770 1986 1164 2045 cognosceretur,
1191 1986 1307 2031 tunc
1333 1996 1455 2042 eam,
1482 1980 1526 2028 si
1558 1995 1633 2050 re-

137 2079 242 2115 rum
270 2064 611 2130 Transylvani
636 2066 925 2130 potirentur,
950 2066 1169 2132 Principi
1206 2065 1356 2115 filiam
1395 2052 1632 2119 daturam,

138 2165 230 2200 nec
255 2149 355 2199 alia
379 2149 430 2198 id
456 2149 733 2200 conditione
757 2152 1013 2212 facturam,
1039 2151 1135 2200 nisi
1162 2150 1417 2201 victoriam
1445 2165 1470 2198 e
1508 2148 1630 2199 Tur-

139 2234 210 2284 cis
236 2234 516 2300 reportarit.
544 2234 659 2284 Non
678 2235 840 2285 ‘minus
868 2235 1013 2285 etiam
1041 2235 1238 2300 quidam
1264 2234 1314 2283 in
1354 2234 1405 2283 id
1446 2241 1631 2283 summo

139 2318 299 2368 studio
335 2317 706 2380 incumbebant,
759 2325 807 2369 et
859 2320 1012 2369 variis
1050 2320 1233 2370 libellis
1282 2319 1486 2370 famosis
1539 2319 1633 2367 huc

139 2402 256 2452 illuc
305 2402 546 2469 dispersis
595 2404 946 2469 ImperatoriS,
985 2410 1354 2470 ceterorumque
1392 2402 1631 2453 Archidu-

142 2503 265 2545 cum,
294 2491 439 2552 atque
465 2487 590 2538 adeo
619 2488 794 2539 viduae
820 2490 977 2555 ipsius
1002 2489 1246 2555 Principis
1286 2489 1475 2540 animos
1514 2489 1630 2538 aba-

143 2570 373 2620 lienando
398 2571 450 2623 id
473 2572 812 2637 moliebantur,
828 2591 889 2625 ne
901 2575 1141 2641 Princeps
1168 2576 1270 2626 voti
1298 2575 1358 2624 de
1384 2574 1628 2640 promisso

141 2654 446 2704 matrimonio
474 2671 671 2723 compos
698 2660 894 2709 tandem
918 2660 1018 2711 ullo
1044 2661 1186 2711 modo
1213 2662 1364 2711 fieret.
1401 2659 1534 2709 Vicit
1557 2663 1630 2707 ta-

142 2754 252 2788 men
290 2740 486 2790 fortuna
523 2741 790 2809 Principis,
833 2747 914 2810 qui
954 2762 1062 2796 eam
1098 2762 1343 2811 nunquam
1392 2725 1631 2793 hactenus

63 2870 65 2872 .
143 2839 404 2873 novercam
444 2831 675 2890 expertus
725 2829 910 2891 fuerat,
963 2831 1052 2881 sed
1100 2831 1390 2880 inoffensum
1439 2842 1631 2892 semper

143 2908 249 2957 eius
275 2923 465 2958 cursum
493 2915 729 2961 tenuerat.
739 2913 909 2964 Missis
934 2916 1099 2980 itaque
1125 2916 1254 2964 ultro
1282 2915 1502 2978 citroque
1518 2911 1630 2962 aliis

143 3007 293 3065 super
307 2992 433 3044 alios
458 2995 664 3059 nunciis,
681 2996 807 3047 diem
833 3000 1110 3066 nuptiarum
1135 3002 1183 3050 in
1211 2999 1487 3063 Augustum
1501 3014 1630 3047 men-
