2112 3288
436 189 542 241 148
954 205 1033 238 -10.
1060 206 1193 238 DEOII
1217 206 1416 240 BAnovn

433 322 621 386 equites
649 337 710 370 ex
738 321 866 370 omni
892 335 1088 370 suorum
1112 337 1311 371 numero
1328 311 1697 383 selectissimos,
1725 333 1927 386 quorum

431 405 670 468 plerique,
687 419 793 454 cum
819 404 909 452 sub
936 403 1170 467 auspiciis
1198 404 1456 452 Francisci
1470 405 1670 454 Balassi
1684 404 1927 469 superiori

432 503 550 538 vere
601 504 632 537 a
670 487 902 538 Tartaris
927 486 1174 536 interfecti
1214 488 1537 537 barbarorum
1575 487 1928 552 artes'experti

431 571 613 632 forent,
665 586 853 620 summa
903 570 1108 619 audacia
1156 570 1205 618 in
1253 571 1424 620 hostes
1474 571 1796 620 incurrerunt.
1843 570 1927 621 Illi

435 654 594 717 primo
637 655 758 717 fuga
779 652 1008 702 simulata
1033 652 1222 714 cedere,
1259 668 1371 702 mox
1408 655 1458 702 in
1483 654 1690 704 insidias
1718 652 1950 702 collibus*

436 742 597 786 tectas
624 743 822 787 nostros
849 752 1038 785 summa
1063 737 1237 786 fraude
1262 738 1456 786 illectos
1477 738 1928 801 circumventosque

436 819 501 868 ad
527 836 673 870 unum
698 820 802 868 fere
831 834 998 868 omnes
1035 819 1362 868 trucidavere.
1426 820 1695 869 Kornisius
1728 818 1928 883 cognita

435 917 496 951 ex
550 903 680 951 fumo
739 900 1076 964 incendiisque
1139 902 1467 951 Tartarorum
1545 902 1925 967 propinquitate,

431 985 554 1033 nihil
580 973 777 1034 omnino
804 984 976 1032 habuit
1001 984 1264 1047 antiquius,
1292 999 1435 1047 quam
1472 989 1526 1032 ut
1549 1000 1642 1033 nec
1666 985 1926 1048 opinantes

430 1068 687 1118 Barbaros
718 1082 779 1115 ex
805 1066 1074 1130 improviso
1114 1067 1427 1130 opprimeret.
1457 1065 1556 1115 Sed
1580 1067 1759 1130 partim
1783 1080 1927 1132 prae·

430 1152 679 1215 cipuorum
704 1149 1004 1213 quorundam
1031 1149 1228 1210 ducum,
1278 1149 1363 1212 qui
1389 1149 1616 1198 diuturna
1639 1149 1812 1199 militia
1837 1149 1926 1199 alie

432 1248 578 1298 quam
605 1233 700 1282 sibi
726 1232 937 1281 bellicae
963 1232 1036 1280 rei
1063 1232 1338 1296 opinionem
1371 1237 1710 1296 conceperant,
1747 1231 1926 1296 partim

432 1331 549 1365 vero
578 1314 789 1378 Georgii
815 1315 998 1375 Kirali,
1037 1316 1120 1379 qui
1160 1315 1400 1364 secundas
1439 1316 1490 1363 in
1517 1315 1734 1364 exercitu
1758 1320 1927 1380 partes

433 1400 699 1461 obtinebat,
750 1399 1155 1463 persuasionibus
1200 1399 1440 1460 inductus,
1491 1398 1929 1455 commodissimam

431 1483 568 1532 illam
596 1482 1028 1547 opprimendorum
1053 1483 1389 1533 Barbarorum
1417 1483 1927 1546 occasionem'magno

433 1580 538 1614 cum
599 1567 900 1630 reipublicae
965 1565 1254 1615 detrimento
1293 1566 1551 1629 negligere
1602 1570 1800 1615 coactus
1838 1570 1928 1626 est,

432 1649 844 1713 conquerentibus
894 1650 1145 1712 plerisque
1197 1649 1507 1699 occasionem
1567 1647 1928 1714 pulcherrimae

433 1734 671 1783 victoriae
712 1733 943 1782 divinitus
970 1734 1167 1782 oblatae
1194 1749 1462 1798 paucorum
1487 1734 1694 1797 perfidia
1720 1749 1779 1782 ac
1802 1732 1927 1780 timi-

433 1817 585 1866 ditate
611 1822 711 1866 tam
737 1817 879 1865 foede
907 1818 1163 1882 corrumpi.
1203 1819 1282 1866 lta
1321 1816 1648 1866 Varadiensis
1681 1815 1927 1865 exercitus

432 1900 594 1949 multis
646 1914 843 1949 suorum
881 1900 1080 1949 amissis
1120 1899 1384 1965 profligato
1425 1899 1612 1961 similis,
1662 1900 1796 1965 turpi
1819 1913 1926 1949 cum

430 1983 700 2046 ignominia
726 1983 916 2033 domum
943 1983 1102 2033 rediit.
1399 1970 1403 1973 ⁵
1565 1996 1567 1998 ’
1921 1979 1923 1981 ’

893 2305 1124 2356 OAPVT
1164 2306 1465 2356 SEXTVM.

430 2437 507 2484 De
545 2436 704 2484 reditu
746 2436 1085 2495 Tar-tetrorum,
1138 2437 1478 2500 eorundemque
1529 2436 1652 2484 binis
1691 2437 1922 2486 cladibus.

575 2559 861 2631 Appetebat
908 2566 1004 2614 iam
1039 2582 1195 2616 annus
1234 2567 1409 2615 salutis
1448 2565 1726 2626 MDXOV.,
1755 2567 1921 2616 Danu-

435 2646 644 2712 biusque
708 2648 1012 2697 saevissimis
1075 2649 1226 2698 totius
1278 2651 1481 2697 brumae
1544 2650 1920 2714 tempestatibus

434 2733 593 2793 magis
639 2747 783 2794 quam
819 2745 1031 2793 unquam
1069 2737 1214 2780 antea
1230 2732 1488 2780 durissimo
1516 2733 1630 2794 gelu
1663 2747 1920 2781 concreve-

434 2822 553 2864 rat:-
591 2831 697 2864 cum
746 2814 987 2878 Princeps
1040 2816 1378 2875 Tartarorum,
1430 2815 1687 2864 occasione
1715 2815 1921 2864 contecti

431 2899 549 2948 Istri
592 2897 822 2947 utendum
851 2902 1000 2958 ratus,
1029 2898 1195 2946 audita
1222 2898 1663 2961 Transalpinorum
1688 2898 1737 2945 in
1752 2896 1918 2946 Vltra-

430 2981 722 3030 Danubinas
734 2981 1005 3029 Turcarum
1016 2996 1129 3029 oras
1141 2981 1465 3044 expeditione,
1475 2981 1824 3030 circumvenire
1834 2992 1922 3029 eos·
