2112 3288
389 165 455 216 28
903 182 967 216 10.
995 182 1127 215 DECII
1151 182 1348 216 BARovn

390 297 581 359 Sinam,
609 300 851 364 extemplo
880 313 986 348 eum
1011 298 1177 347 habito
1193 299 1430 348 acerrimo
1451 299 1651 367 militum
1677 299 1867 350 delectu

389 400 493 434 cum
510 384 697 447 ingenti
722 387 963 448 apparatu
988 383 1037 431 in
1062 384 1333 447 Vngariam
1356 384 1560 433 iussisse
1586 399 1865 448 properare.

388 467 525 528 Quae
551 483 631 517 res
659 478 763 517 cum
780 468 876 516 iam
898 466 1078 516 Sinano
1093 467 1161 516 ita
1186 483 1330 517 curae
1345 483 1456 518 esse
1483 469 1673 528 debeat,
1694 473 1746 517 ut
1771 483 1866 518 om-

387 567 474 601 nes
488 553 667 616 ubique
683 551 915 601 Caesaris
933 552 1139 616 Imperio
1155 552 1414 612 subiectOS,
1431 553 1481 601 in
1494 553 1633 613 hanc,
1648 550 1866 616 gerendi,

389 652 576 697 secum,
604 637 843 686 adversus
883 652 1157 686 communes
1196 638 1393 689 hostes,
1432 637 1550 686 belli
1585 637 1866 686 societatem

388 721 604 770 attrahat
630 740 640 769 ε
679 725 727 769 te
755 735 958 784 quoque,
984 721 1111 769 inter
1141 720 1265 769 alios
1292 719 1524 770 Caesaris
1545 721 1803 782 studiosos,
1817 721 1867 770 in

385 813 625 870 tempore,
653 806 754 854 eius
780 805 851 853 rei
887 821 975 869 per
1014 820 1088 853 me
1131 805 1383 854 certiorem
1409 805 1514 853 fieri
1539 804 1716 865 voluit,
1741 809 1794 854 ut
1821 809 1869 854 et
1896 799 1900 801 ’

370 888 599 939 'Caesari
629 889 771 938 fidem
807 894 935 937 tuam
962 890 1165 953 probes,
1195 893 1242 938 et
1280 888 1501 953 exemplo
1537 893 1618 938 tuo
1655 889 1780 938 alios
1805 889 1870 939 ad

389 964 610 1022 obeunda
636 971 879 1021 mandata·
898 972 1163 1021 alacriores
1190 972 1383 1021 reddas.
1413 972 1524 1022 Hoc
1537 972 1626 1021 tibi
1654 986 1759 1022 cum
1783 973 1867 1022 ho-

388 1057 636 1106 norificum
662 1056 790 1120 apud
815 1060 999 1105 tantum
1027 1055 1307 1119 Caesarem,
1334 1062 1432 1106 tum
1460 1056 1694 1106 eiusmodi
1720 1056 1865 1106 etiam

391 1142 495 1201 erit,
522 1146 574 1190 ut
599 1140 660 1189 ad
686 1141 907 1189 beneficii
932 1139 1079 1201 illius,
1109 1156 1201 1203 quo
1229 1141 1331 1201 Tu,
1365 1145 1530 1204 pater,
1568 1145 1867 1205 patruusque

388 1230 513 1286 tUUS,
541 1225 701 1273 delato
723 1223 815 1272 hoc
839 1224 979 1272 vobis
1005 1224 1055 1271 in
1080 1224 1323 1288 privatam
1349 1224 1539 1272 domum
1565 1223 1866 1288 principatus

387 1309 594 1368 honore,
635 1307 765 1356 aucti
790 1307 991 1368 fuistis,
1018 1307 1362 1357 declarandam
1402 1306 1708 1366 memoriam,
1743 1306 1871 1356 hanc

389 1396 603 1457 optatam
639 1391 736 1440 tuis
781 1391 935 1455 ipsius
974 1391 1101 1440 votis
1142 1391 1478 1453 occasionem,
1524 1391 1736 1441 oblatam
1779 1390 1870 1447 tibi

390 1491 501 1525 esse
525 1475 629 1524 iure
654 1475 817 1539 possis
844 1473 1095 1537 gratulari.

805 1736 1035 1789 GAPVT
1076 1738 1450 1789 SEPTIMVM.

391 1860 467 1908 De
486 1859 743 1923 postulatis
786 1857 1011 1908 Caesaris
1048 1877 1079 1907 a
1105 1859 1341 1921 Principe
1385 1856 1792 1922 Transfivaniae,
1831 1865 1871 1905 et

910 1942 1130 1992 Caesaris
1161 1942 1348 1991 Literia

536 2064 630 2113 His
657 2063 797 2112 dictis
835 2069 1062 2128 porrecta
1085 2065 1134 2112 in
1168 2063 1325 2112 sinum
1364 2062 1567 2111 dextera
1602 2061 1870 2110 chartulam

391 2163 479 2197 sua
503 2148 658 2212 ipsius
686 2164 828 2197 manu
855 2149 1098 2211 signatam
1126 2148 1440 2212 depromens,
1474 2162 1557 2206 ea,
1585 2160 1710 2209 quae
1734 2145 1871 2194 iussu

392 2230 559 2280 Sinani
596 2231 925 2292 annotaverit,
965 2247 1018 2281 se
1055 2232 1151 2281 iam
1191 2217 1573 2295 significaturum
1615 2229 1748 2277 dixit.
1794 2228 1871 2276 Ea

391 2318 497 2363 octo
525 2314 766 2377 capitibus
793 2315 1167 2378 comprehensa,
1205 2314 1282 2362 his
1321 2311 1666 2377 propemodum
1704 2310 1869 2360 verbis

394 2397 578 2461 scripta
604 2402 755 2445 erant.
794 2396 1047 2446 Postulata
1083 2395 1252 2445 Sinani
1276 2396 1466 2445 Bassae
1503 2411 1533 2443 a
1559 2393 1869 2458 Sigismundo

397 2480 795 2545 Transylvaniae,
820 2480 1073 2545 Principe:
1102 2480 1453 2544 quinquaginta
1477 2478 1629 2527 millia
1647 2469 1869 2542 praelon-

395 2580 565 2628 garum
590 2564 841 2613 hastarum
878 2565 927 2612 in
961 2566 1123 2613 castra
1161 2564 1341 2614 deferri
1367 2567 1525 2623 curet,
1565 2577 1766 2625 quarum
1801 2561 1872 2610 vi-

393 2649 516 2713 ginti
542 2648 695 2719 millia
721 2648 920 2710 solidae,
947 2649 1165 2712 reliquae
1191 2663 1307 2697 vero
1335 2647 1402 2696 30
1423 2646 1578 2696 millia
1602 2650 1871 2696 excavatae

395 2739 442 2783 et
468 2733 701 2795 cannabis
729 2733 989 2782 corticibus
1016 2733 1226 2782 intortae
1254 2737 1410 2781 sunto.
1440 2730 1634 2795 Operas
1660 2730 1870 2779 maximo

393 2832 603 2878 numerO,
632 2833 736 2866 cum
762 2817 1022 2881 ligonibus,
1053 2816 1344 2881 bipennibus
1360 2853 1370 2872 ,
1397 2815 1588 2875 vanniS,
1613 2818 1661 2863 et
1687 2813 1796 2863 aliis
1821 2813 1873 2861 id

396 2916 550 2964 genus
574 2902 932 2962 instrumentis,
971 2901 1020 2949 in
1045 2906 1268 2965 promptu
1293 2900 1489 2949 habeat.
1523 2901 1732 2948 Ioannes
1758 2896 1870 2947 olim

394 2969 504 3034 Rex
531 2983 634 3032 eius
661 2984 867 3035 nominis
906 2982 1181 3047 Secundus,
1221 2984 1395 3048 quibus
1441 2981 1694 3034 tormentis
1732 2980 1869 3032 belli-
