2112 3288
446 135 516 184 44
966 152 1028 184 10.
1057 152 1190 186 maon
1214 153 1412 187 BARovn

447 270 643 329 cuncta,
674 266 884 330 quaede
910 267 1041 316 bello
1067 269 1160 318 hoc
1186 274 1436 333 comperta
1461 269 1705 328 habebat,
1739 286 1844 319 cum
1871 286 1928 325 80

446 348 791 407 communicat,
825 354 1083 414 monetque
1120 357 1173 400 ut
1212 352 1505 416 comparatis
1532 353 1580 400 in
1605 358 1838 416 tempore,
1865 353 1929 414 ad

445 431 543 479 vim
579 432 988 496 propulsandam,
1028 434 1261 483 subsidiis
1290 434 1538 495 omnibus,
1578 433 1748 483 Sinani
1786 449 1928 488 cona-

445 515 576 564 tibus
614 515 808 587 obviam
852 516 958 566 iret.
1014 515 1224 567 Gratum
1261 518 1312 567 id
1352 517 1753 568 Tieffenbacchio
1805 518 1929 568 acci-

446 599 528 660 dit,
554 605 608 649 ut
632 601 714 664 qui
739 600 859 649 nihil
897 617 1063 652 eorum
1090 608 1248 658 antea,
1272 608 1598 666 cognoverat,
1638 618 1930 667 quamquam

446 682 686 733 dubitanti
725 684 785 733 de
812 699 895 744 eo,
937 701 1000 733 an
1042 700 1100 733 eo
1138 690 1383 749 tempore,
1422 685 1655 735 inclinata
1691 686 1786 734 iam
1823 685 1931 735 fere

444 770 659 826 aestate,
698 771 833 816 tanto
858 772 1100 816 terrarum
1124 761 1310 828 tractu,
1339 784 1481 832 quem
1518 768 1627 832 ipse
1654 768 1800 817 etiam
1842 768 1930 818 ali-

444 849 636 911 quando
672 850 849 899 fuisset
875 865 1124 911 emensus,
1149 851 1327 901 iustum
1354 866 1518 901 secum
1556 851 1821 905 exercitum
1854 850 1929 901 Si-

443 947 599 982 nanus
628 933 834 983 educere
860 935 1032 998 possit.

907 1193 1139 1244 CAPVT
1167 1192 1469 1244 SEXTVM.

621 1299 720 1348 Iter
749 1297 929 1348 Sinam'
956 1299 1250 1364 Belyradum
1275 1314 1420 1362 usque
1448 1298 1742 1348 describitur.

586 1407 716 1456 Dum
753 1407 876 1456 haec
905 1407 977 1456 ita
1002 1411 1261 1471 geruntur,
1299 1407 1397 1456 iam
1423 1404 1660 1466 Sinanus,
1698 1408 1933 1471 promotis

440 1490 600 1555 pridie
626 1489 830 1540 Calend.
857 1491 1073 1555 Augusti
1099 1492 1163 1540 ab
1203 1492 1326 1540 urbe
1352 1490 1559 1551 castris,
1584 1491 1667 1540 via
1691 1489 1932 1542 Adriano-

441 1574 661 1637 politana
684 1574 779 1623 iter
803 1574 1016 1635 faciens,
1057 1574 1226 1638 copias
1260 1573 1451 1634 divisit,
1477 1572 1934 1638 Ianicianorumque

442 1656 724 1706 cohortibus
746 1656 941 1706 diverso
956 1657 1132 1706 itinere
1157 1657 1229 1705 ire
1255 1656 1418 1717 iussis,
1444 1656 1553 1720 ipse
1579 1671 1686 1706 cum
1700 1656 1931 1720 equitatu,

440 1740 663 1791 maximis
689 1738 961 1799 itineribus,
989 1739 1292 1802 Belgradum
1319 1739 1657 1788 contendebat.
1683 1740 1743 1789 In
1756 1755 1814 1789 eo
1827 1744 1930 1789 toto

441 1823 615 1872 itinere
628 1837 865 1886 nusquam
891 1823 1045 1872 fertur
1061 1828 1330 1884 cunctatus,
1356 1823 1453 1872 nisi
1479 1822 1803 1887 Adrianopoli
1816 1837 1933 1886 qua-

440 1911 549 1955 tuor
576 1905 774 1966 diebus,
802 1897 1016 1970 quinque
1043 1906 1106 1955 ad
1132 1905 1367 1969 Sophiam
1402 1906 1572 1955 urbem
1596 1905 1647 1954 in
1673 1904 1930 1967 Triballis,

444 2003 610 2038 eorum
636 1988 873 2038 duntaxat
901 2004 1077 2048 causa,
1108 1989 1188 2052 qui
1214 2003 1322 2037 811111
1348 1989 1618 2049 subsecuti,
1643 1988 1714 2037 ibi
1741 1989 1930 2038 demum

442 2072 593 2121 iuncti
620 2072 797 2121 castris
835 2073 993 2136 ipsius
1018 2074 1184 2132 fuere,
1225 2072 1398 2121 deinde
1425 2087 1482 2121 eo
1519 2072 1569 2121 in
1593 2072 1702 2122 1000
1742 2072 1932 2122 duobus

440 2155 607 2204 itidem
634 2155 831 2214 diebus,
865 2155 950 2205 ubi
976 2172 1006 2203 a
1032 2155 1292 2216 Praefecto
1319 2155 1638 2205 Zolnokiensi
1662 2155 1843 2205 missus
1871 2154 1935 2204 ad

445 2254 552 2287 eum
578 2238 840 2301 gregarius
868 2238 1062 2302 quidam
1096 2239 1238 2287 miles
1262 2243 1484 2298 nostraS,
1527 2254 1557 2287 a
1583 2237 1761 2287 Turcis
1785 2237 1933 2286 inter-

442 2325 640 2384 ceptus,
679 2322 862 2369 nullam
888 2322 1126 2371 adventus
1154 2322 1258 2371 eius
1283 2322 1464 2370 famam
1489 2321 1539 2369 in
1565 2319 1815 2384 Vngaria,
1842 2336 1935 2370 nec

441 2402 571 2452 ullas
597 2403 755 2463 vires,
796 2418 922 2466 quae
949 2404 1054 2453 eius
1083 2418 1340 2453 successus
1379 2408 1546 2452 essent
1583 2408 1932 2464 remoraturae‚
1969 2461 1972 2465 ‚

443 2490 649 2550 paratas
684 2486 875 2550 uspiam
916 2501 1054 2545 esse,
1095 2491 1228 2535 certo
1267 2486 1312 2535 ei
1351 2485 1625 2536 affirmavit.
1668 2484 1856 2535 Eodem
1879 2486 1927 2536 in

440 2569 549 2619 1000
579 2570 804 2619 nuncium
831 2569 976 2618 etiam
1002 2569 1157 2618 a'filio
1202 2568 1483 2618 Bellerbeio
1510 2583 1616 2617 cum
1649 2569 1838 2618 duabus
1863 2569 1934 2633 pi-

443 2655 508 2704 lis
533 2653 711 2719 ferreis
752 2652 918 2715 magni
953 2651 1211 2716 ponderis,
1255 2652 1430 2716 quibus
1468 2667 1631 2701 arcem
1666 2666 1844 2701 novam
1869 2652 1934 2701 ad

440 2738 668 2802 Colapim
693 2736 863 2796 sitam,
905 2752 935 2785 3
961 2728 1262 2785 Christianis
1288 2736 1510 2800 proxime
1536 2735 1737 2800 petitam
1763 2735 1932 2795 fuisse,

443 2836 647 2886 eamque
686 2819 988 2870 obsidionem
1028 2819 1125 2868 iam
1163 2820 1371 2869 solutam
1403 2819 1693 2880 nunciabat,
1731 2818 1933 2882 accepit.

441 2905 630 2965 Quibus
668 2903 889 2954 omnibus
932 2901 1267 2963 exhilaratus,
1302 2904 1493 2968 epulum
1531 2901 1763 2954 militibus
1791 2900 1936 2955 dedit,
