2112 3288
400 222 502 274 292
904 264 909 268 .
934 240 998 274 10.
1026 240 1159 275 onon
1191 239 1387 276 BARovn

400 353 587 419 Captus
615 355 739 404 enim
771 356 937 405 taedio
965 372 1200 418 curarum,
1228 373 1286 406 ac
1315 363 1518 421 praeter
1543 359 1666 408 alias
1682 366 1915 409 arcanas·

399 439 636 502 quasdam
676 453 854 489 causas
888 440 1124 489 immensa
1151 435 1499 504 cogitationum
1526 443 1652 492 mole
1672 443 1890 503 obrutus,

400 520 497 571 iam
535 527 635 570 tum
662 520 1032 586 Transylvania
1059 523 1310 585 decedere,
1351 525 1743 589 securioremque
1779 539 1893 589 pro-

399 604 604 654 vinciam
644 606 842 671 assequi
881 604 1121 669 cupiebat.
1151 605 1291 665 Quod
1317 611 1370 655 ut
1398 607 1596 668 faceret,
1638 612 1687 656 et
1726 607 1891 671 deplo-

397 687 553 736 randa
578 688 697 749 eius,
725 704 850 752 quae
876 693 977 736 tum
989 688 1091 747 fuit,
1120 703 1225 737 cum
1240 689 1401 738 Maria
1416 687 1728 739 Christierna
1740 705 1893 740 uxore
1939 696 1949 734 J

400 770 659 832 dissensiO,
687 785 838 833 supra
865 786 1008 834 quam
1034 771 1258 835 cuiquam
1285 772 1520 822 credibile
1548 772 1625 834 sit,
1653 788 1760 822 eum
1780 787 1893 823 exa-

404 853 610 916 gitabat.
649 853 938 917 Rudolphus
964 847 1080 902 reus
1106 855 1336 919 promissi
1363 854 1595 919 Opuliam
1621 860 1670 904 et
1688 855 1894 904 Ratibu-

402 936 526 984 riam
552 936 598 984 ei
624 951 731 985 cum
758 936 906 995 certis
932 935 1169 999 pecuniae
1194 936 1433 986 reditibus
1459 922 1710 1000 promittit,
1750 942 1798 986 et
1835 951 1890 986 se

400 1017 451 1067 in
476 1018 587 1067 aliis
612 1019 761 1066 rebus
789 1033 979 1083 quoque
1006 1034 1035 1067 a
1060 1018 1299 1068 Pontifice
1324 1019 1645 1083 impetrandis
1672 1018 1894 1070 sedulum

401 1103 509 1151 fore
534 1102 912 1150 intercessorem
936 1101 1204 1164 pollicetur.
1234 1103 1437 1152 Interim
1463 1109 1640 1164 tamen,
1669 1107 1721 1152 ut
1745 1103 1797 1152 in
1810 1117 1894 1166 gu-

401 1184 690 1235 bernatione
716 1184 1000 1246 provinciae
1038 1190 1339 1248 perseveret,
1380 1185 1526 1234 etiam
1564 1190 1711 1250 atque
1749 1184 1912 1235 etiam.

400 1266 640 1317 hortatur.

836 1595 1069 1646 OAPVT
1109 1596 1469 1657 QVARTVM.

406 1713 483 1761 De
507 1712 697 1762 Ioanne
711 1699 934 1763 Szelestz'o
960 1724 1111 1777 capto,
1142 1715 1428 1780 Aaroneque
1466 1715 1683 1779 Vajvoda
1709 1715 1897 1765 Molda-

974 1799 1081 1845 viae
1107 1806 1306 1845 mortam.

548 1927 787 1976 Praeerat
811 1927 1000 1990 Lippae
1025 1927 1076 1974 id
1099 1929 1347 1992 temporis,
1388 1943 1481 1991 quo
1506 1927 1630 1976 haec
1657 1925 1786 1977 ultro
1812 1927 1898 1977 cit-

409 2026 563 2074 roque
577 2015 826 2073 geruntur,
853 2011 1066 2059 Ioannes
1082 2008 1335 2071 Szelestei,
1364 2010 1439 2059 vir
1465 2009 1704 2070 militaris,
1732 2014 1781 2058 et
1793 2009 1899 2059 ani-

408 2109 548 2144 mosa
572 2094 734 2157 magis
761 2093 980 2154 audacia,
1021 2108 1163 2156 quam
1190 2109 1310 2142 vera
1336 2093 1595 2157 prudentia
1620 2093 1800 2141 bellica
1825 2108 1900 2141 ce-

406 2177 575 2226 lebris.
626 2179 678 2226 Is
714 2192 819 2226 cum
844 2192 941 2225 non
968 2176 1196 2237 exiguam
1223 2176 1435 2238 equitum
1474 2191 1533 2224 ac
1557 2174 1772 2239 peditum
1798 2190 1897 2225 ma-

407 2275 519 2308 num
555 2258 903 2308 Osanadinum‘
923 2273 1078 2321 usque
1115 2258 1291 2319 raptim
1341 2258 1605 2317 eduxisset,
1654 2256 1898 2319 insignem

408 2343 595 2392 cladem
622 2359 651 2391 a
676 2341 1173 2390 Tomosvariensibus
1201 2345 1473 2404 acceperat.
1504 2339 1614 2399 Qua
1638 2355 1692 2388 re
1716 2340 1899 2388 factum

412 2432 501 2484 est,
528 2431 581 2474 ut
606 2425 855 2474 sinistram
883 2424 942 2472 de
969 2439 1025 2472 eo
1054 2424 1381 2487 suspicionem
1409 2422 1582 2471 aemuli
1609 2422 1712 2471 eius
1727 2426 1776 2470 et
1789 2437 1899 2471 con-

412 2510 644 2574 ceperint,
672 2514 720 2557 et
747 2508 935 2572 passim
962 2522 1353 2570 quaquaversum
1375 2506 1711 2570 disperserint.
1763 2503 1900 2554 Sum-

411 2611 489 2643 ma
514 2591 843 2651 accusationis
869 2590 991 2638 haec
1016 2590 1130 2638 fuit:
1159 2589 1450 2638 Szelestium
1464 2604 1575 2638 esse
1589 2588 1901 2639 temerarium

408 2676 664 2741 hominem,
692 2677 1018 2736 arrogantem,
1044 2673 1276 2733 uxorium,
1318 2671 1806 2721 commessationibus
1832 2670 1901 2719 in-

411 2758 717 2824 tempestivis
746 2757 979 2816 deditum,
1011 2760 1060 2804 et
1086 2756 1215 2819 quod
1240 2755 1500 2804 maximum
1538 2760 1687 2816 esset,
1710 2755 1901 2803 clancu-

412 2824 566 2890 larias
617 2856 723 2890 cum
762 2841 925 2889 Bassa
965 2838 1369 2887 Tbmdsvariensi
1406 2838 1789 2887 machinationes
1839 2836 1899 2885 de

412 2925 573 2989 Lippa
587 2923 825 2972 Barbaris
842 2921 1093 2986 prodenda
1107 2920 1310 2983 agitare.
1350 2921 1409 2969 Id
1421 2937 1480 2969 ne
1496 2920 1648 2980 fieret,
1661 2919 1900 2983 primores

413 3008 625 3071 equitum
675 3013 822 3070 atque
872 3006 1073 3055 militum
1125 3005 1489 3054 communicatis
1527 3004 1653 3053 inter
1693 3018 1748 3052 se
1774 3002 1900 3051 clam
