2112 3288
602 198 665 232 m:
684 197 790 229 ΗΕΒ.
817 196 927 230 VNG.
954 197 1063 231 nnc.
1092 199 1135 230 x.
1162 199 1205 230 L.
1235 199 1300 233 1x.
1504 200 1512 203 “
1591 185 1701 236 201

643 407 873 459 CAPVT
912 410 1247 460 TERTIVM

284 531 358 581 De
381 546 477 579 non
501 531 692 580 obtenta
717 530 967 590 deditione,
997 548 1054 579 ac
1079 537 1230 578 morte
1261 529 1431 579 Caroli
1458 532 1627 581 Ducis.

349 651 536 714 Quibus
574 652 723 703 rebus
763 653 1022 715 confectis,
1060 651 1385 702 Mansfeldius
1425 653 1695 717 Beglerbe-

204 753 319 806 gum
356 736 632 796 Anatoliae,
671 738 753 802 qui
794 737 1047 803 praesidio
1075 737 1286 787 Turcico
1326 737 1375 785 in
1412 753 1527 786 arce
1552 752 1690 800 prae-

206 826 328 883 erat,
354 822 595 871 hominem
621 821 717 871 iam
745 827 909 872 aetate
936 823 1144 872 obsitum
1172 827 1319 886 atque
1358 837 1575 886 gravem,
1617 822 1699 873 da-

205 908 268 958 tis
292 908 518 973 utrinque
545 908 802 958 obsidibus
830 913 1021 970 evocat,
1051 913 1099 957 et
1137 908 1199 958 ad
1234 907 1529 956 deditionem
1567 908 1696 957 arcis

204 992 367 1043 multis
394 992 693 1056 argumentis
731 993 972 1044 hortatur.
1015 992 1106 1042 Oui
1144 992 1447 1058 respondens
1486 993 1690 1055 Begler-

203 1079 386 1142 begus:
417 1075 520 1142 „Si,
545 1078 710 1143 inquit,
738 1080 1012 1144 Imperator
1039 1094 1174 1129 meus
1201 1078 1328 1128 hunc
1355 1079 1511 1127 solum
1541 1077 1691 1143 capil-

203 1163 303 1213 lum
329 1162 620 1217 credidisset
645 1179 783 1214 meae
822 1164 950 1225 fidei,
988 1168 1151 1213 tamen
1179 1179 1284 1212 cum
1313 1168 1531 1214 extremo
1572 1163 1698 1213 salu-

204 1247 268 1296 tis
294 1246 573 1298 discrimine
599 1254 803 1314 paratus
831 1263 991 1298 essem
1019 1263 1127 1297 eum
1151 1263 1494 1313 propugnaret
1530 1247 1697 1308 Quan-

194 1336 252 1382 to
279 1347 399 1396 ergo
424 1333 582 1397 magis
609 1332 870 1382 defendere
898 1333 1112 1383 debuero
1140 1332 1539 1396 angustissimam
1567 1332 1694 1381 hanc

203 1432 380 1479 arcem,
408 1433 532 1482 quae
547 1418 693 1468 etiam
708 1418 837 1483 apud
850 1434 941 1468 vos
964 1419 1085 1468 tanti
1113 1419 1226 1467 olim
1254 1418 1482 1468 momenti
1499 1432 1693 1482 semper

201 1500 362 1552 fuerit.
390 1500 601 1551 Proinde
628 1502 908 1552 decrevisse
935 1518 989 1551 se
1016 1518 1120 1551 eam
1150 1502 1216 1551 ad
1242 1507 1510 1551 extremum
1536 1517 1690 1565 usque

203 1585 426 1650 spiritum
451 1588 591 1647 tueri,
619 1592 668 1637 et
704 1588 847 1637 fidem
887 1603 945 1636 ac
982 1588 1312 1637 obedientiam
1351 1585 1561 1635 Caesari
1599 1600 1688 1635 suo

204 1670 473 1734 obligatam
498 1672 629 1722 vitae
655 1672 751 1737 ipsi
776 1674 1119 1737 praelatarum,
1153 1676 1201 1720 et
1226 1672 1352 1720 hanc
1378 1687 1514 1721 suam
1529 1669 1697 1720 volun-

203 1758 355 1804 tatem
392 1753 573 1805 Oarolo
611 1757 708 1821 ipsi
744 1757 946 1821 probari
985 1771 1135 1821 posse
1175 1755 1404 1805 ostendit.
1459 1755 1570 1804 Hac
1608 1770 1697 1821 spe

205 1837 422 1889 deiectus
449 1838 673 1904 Carolus,
701 1841 871 1906 paucis
909 1846 1022 1904 post
1049 1841 1232 1901 diebus,
1276 1842 1326 1889 in
1353 1840 1696 1904 gravissimam

202 1923 545 1975 dissenteriam
585 1927 729 1976 simul
768 1932 816 1976 et
853 1926 1030 1975 febrim
1070 1925 1465 1975 ardentissimam
1509 1923 1692 1985 incidit,

203 2023 300 2073 qua
333 2009 722 2074 ingravescente,
759 2010 981 2075 quamvis
1020 2010 1079 2058 de
1132 2010 1426 2059 medicorum
1481 2008 1687 2057 consilio

204 2089 462 2143 Gomarum
488 2093 753 2143 subvectus
777 2094 968 2149 fuisset,
999 2093 1164 2142 statim
1190 2098 1353 2142 tamen
1374 2107 1487 2141 arce
1503 2090 1695 2154 Strigo-

204 2178 362 2229 nicusi
398 2178 608 2228 nondum
635 2183 794 2244 capta,
834 2194 894 2227 ex
922 2178 1015 2227 hac
1041 2178 1143 2227 vita
1171 2178 1396 2238 decessit,
1437 2193 1495 2226 ac
1520 2176 1694 2240 ingens

205 2262 281 2312 sui
306 2262 600 2313 desiderium
626 2257 766 2312 bonis
794 2263 1017 2313 omnibus
1043 2268 1158 2327 post
1185 2278 1238 2311 se
1267 2262 1477 2326 reliquit.
1520 2259 1694 2324 Singu-

201 2346 322 2396 laris
348 2347 474 2396 enim
499 2352 595 2397 tam
635 2347 923 2412 peritissimi
951 2346 1087 2397 ducis
1127 2348 1281 2396 virtus
1320 2347 1369 2395 in
1406 2345 1555 2396 totius
1593 2345 1695 2395 Vn-

205 2432 378 2495 gariae
415 2433 834 2497 recuperationem
873 2432 1128 2498 plurimum
1168 2433 1423 2496 profutura
1448 2430 1695 2480 iudicaba-

199 2520 292 2565 tur.
320 2514 619 2581 Surrogatus
647 2518 691 2568 ei
719 2522 794 2567 est
820 2518 1175 2579 Rosurumbus‚
1204 2518 1316 2567 dum
1342 2516 1585 2566 Matthias
1600 2513 1690 2563 Ar-

202 2600 380 2652 chidux
405 2603 688 2666 appelleret.
