2112 3288
487 199 553 249 98
1007 216 1071 248 10.
1100 215 1233 248 DEcn
1258 217 1455 250 BARovn

483 330 616 379 ferre
642 335 828 395 posset.
855 330 1104 379 Obstabat
1129 331 1268 392 enim,
1296 332 1554 395 quominus
1579 332 1630 380 id
1665 333 1864 395 faceret,
1877 350 1975 384 non

485 413 641 462 solum
662 414 775 462 anni
800 419 1004 477 tempus,
1033 414 1160 476 quod
1185 420 1387 478 propter
1426 415 1653 465 assiduos
1687 416 1872 466 imbres
1898 433 1975 466 00·

489 497 665 559 gendis
692 497 847 562 copiis
886 497 1375 546 incommodissimum
1403 502 1523 559 erat,
1547 499 1635 547 sed
1650 499 1795 548 etiam
1820 499 1975 549 incre·

483 579 648 628 dibilis
674 579 862 636 horror,
891 580 972 643 qui
1008 585 1158 629 totum
1186 581 1448 645 Imperium
1487 581 1746 631 Turcicum
1783 583 1976 632 invase-

481 670 572 712 rat.
601 663 1008 712 Increbrescebat
1046 663 1172 711 enim
1210 663 1257 710 in
1298 663 1402 711 dies
1442 663 1602 726 magis
1629 668 1776 726 atque
1803 664 1975 726 magis,

481 747 623 795 simul
674 761 732 795 ac
781 762 870 810 per
911 746 1297 794 commoditatem
1336 747 1472 794 verni
1511 747 1747 810 temporis
1786 746 1971 808 liceret,

479 846 646 879 omnes
673 830 883 892 undique
908 830 1133 878 nationes
1157 828 1468 878 Christianas
1496 831 1708 879 unanimi
1734 845 1975 880 consensu

478 915 527 962 in
565 914 821 977 profanam
860 917 1054 976 gentem
1093 913 1468 973 insurrecturas‚
1521 929 1612 962 nec
1654 915 1790 978 prius
1829 915 1973 963 finem

481 1013 622 1046 sacro
648 997 762 1045 huic
787 995 918 1044 bello
945 996 1176 1056 facturas,
1205 1012 1348 1059 quam
1375 998 1455 1045 vel
1481 997 1674 1060 penitus
1709 1013 1817 1047 eam
1843 998 1970 1048 dele-

478 1081 680 1140 vissent,
707 1080 787 1128 vel
814 1079 988 1127 saltem
1014 1079 1063 1127 in
1092 1079 1273 1128 Asiam
1290 1081 1590 1129 reiecissent.

620 1163 733 1211 Non
758 1162 975 1211 Venetos
1002 1162 1065 1209 ab
1104 1162 1197 1209 hoc
1234 1163 1380 1223 bello,
1421 1163 1502 1225 qui
1544 1164 1701 1212 fracto
1736 1181 1766 1212 a
1792 1165 1969 1214 Turcis

478 1245 691 1305 foedere,
717 1244 938 1293 lacessiti
962 1245 1170 1307 perfidia
1195 1246 1417 1305 fuissent,
1444 1261 1542 1294 non
1570 1246 1840 1310 Hispanos,
1867 1263 1965 1309 non

477 1328 706 1388 Polonos,
735 1342 830 1376 non
857 1327 1103 1388 Moschos,
1118 1343 1215 1376 non
1234 1327 1418 1376 Persas
1431 1328 1670 1377 immunes
1685 1328 1792 1378 fore
1807 1346 1817 1391 ;
1835 1331 1969 1379 solos

475 1411 685 1474 Anglos,
712 1416 858 1472 atque
887 1407 1064 1457 Gallos
1092 1425 1218 1470 esse,
1247 1411 1327 1473 qui
1365 1416 1463 1459 tam
1502 1411 1771 1472 gloriosum
1804 1410 1971 1461 Chris-

449 1495 597 1560 ,tiani
636 1494 770 1544 orbis
810 1508 1100 1541 consensum
1138 1494 1373 1557 impedire
1425 1500 1728 1543 conarentur.
1780 1494 1969 1555 Quibus

477 1579 698 1628 omnibus
712 1579 782 1626 ita
809 1576 1020 1625 Sinanus
1038 1578 1414 1639 excoquebatur,
1427 1583 1478 1626 ut
1504 1592 1610 1625 cum
1625 1593 1715 1626 nec
1736 1578 1970 1642 progredi

478 1679 532 1711 se
585 1663 648 1711 ad
699 1661 1082 1725 compescendos
1133 1659 1461 1722 Christianos,
1515 1677 1606 1711 nec
1655 1662 1854 1724 regredi
1907 1663 1970 1714 ad

476 1745 745 1795 Caesarem
772 1736 1154 1809 posse‘videret,
1183 1745 1388 1793 mediam
1404 1745 1534 1793 viam
1549 1746 1685 1806 inire,
1712 1762 1803 1794 nec
1829 1747 1965 1810 prius

473 1834 647 1893 coepto
686 1828 930 1876 absistere
968 1827 1209 1886 statuerit,
1262 1842 1405 1889 quam
1454 1829 1534 1875 vel
1579 1832 1797 1891 optatum
1834 1829 1965 1877 bello

470 1915 614 1962 finem
638 1912 923 1975 imponeret,
949 1910 1029 1957 vel
1054 1909 1308 1958 honestam
1333 1915 1535 1958 mortem
1577 1915 1845 1974 oppeteret.
1873 1912 1969 1960 Ita-

395 2059 401 2064 l
473 2011 580 2060 que,
621 1993 749 2057 quod
787 2007 931 2040 unum
976 1981 1200 2055 poterat,
1253 1992 1457 2040 consilio
1497 1992 1593 2039 sibi
1628 1992 1679 2040 in
1715 1994 1967 2056 praesenti

470 2094 572 2127 rem
598 2074 865 2138 gerendam
890 2078 1041 2134 ratUS,
1067 2073 1187 2121 nihil
1214 2087 1379 2121 eorum
1418 2073 1578 2122 animo
1602 2074 1966 2144 intermittebat,

471 2173 789 2224 quaecunque
813 2152 880 2204 ‘ab
907 2155 1272 2219 sapientissimi,
1308 2155 1619 2218 eiusdemque
1646 2156 1966 2220 experientis-

472 2244 582 2292 simi
608 2237 767 2308 }ducis
805 2239 1014 2288 officium
1051 2240 1299 2303 pertinere
1337 2239 1637 2288 viderentur,
1685 2240 1868 2289 Noctes
1906 2246 1959 2291 ut

468 2327 727 2390 plurimum
753 2325 831 2372 vel
857 2323 1053 2371 lectioni
1091 2323 1417 2383 historiarum,
1457 2323 1775 2386 parcissimus
1807 2325 1964 2373 somni

469 2410 598 2469 Dux,
626 2407 952 2470 impendebat,
974 2421 1176 2468 quarum
1189 2407 1496 2469 praescripto
1524 2406 1731 2464 consilia
1757 2403 1847 2456 sua
1860 2422 1957 2455 om-

469 2493 550 2540 nia
577 2492 888 2554 gubernaret,
929 2489 1009 2536 vel
1045 2489 1348 2549 meditandis,
1390 2489 1780 2553 quaerendisque
1819 2505 1961 2553 quam

468 2561 874 2624 commodissimis
912 2571 1043 2622 belli.
1069 2572 1272 2634 gerendi
1309 2571 1595 2633 rationibus,
1633 2573 1959 2636 transigebat.

467 2643 686 2707 Interdiu
712 2672 830 2705 vero
850 2655 996 2702 modo
1023 2654 1216 2716 legatos
1243 2655 1305 2703 ad
1339 2655 1715 2704 confoederatas
1741 2671 1959 2720 quasque

458 2741 691 2789 „nationes
716 2739 766 2787 in
792 2737 951 2787 officio
979 2737 1309 2798 continendas,
1348 2737 1554 2799 mittere,
1581 2737 1723 2787 modo
1751 2736 1959 2787 Caesari

466 2821 676 2870 animum
715 2837 805 2886 per
831 2820 1032 2868 nuncios
1073 2820 1268 2878 addere,
1311 2836 1546 2883 opemque
1586 2821 1648 2869 ab
1687 2820 1861 2869 eodem
1886 2821 1957 2869 in-

468 2910 655 2953 stanter
680 2910 864 2967 petere,
890 2918 1230 2965 nonnunquam
1259 2908 1520 2952 veteranos
1548 2917 1767 2967 quosque
1807 2903 1956 2952 duces

463 2988 746 3037 nominatim
773 2987 836 3035 ad
862 2986 1219 3050 expeditionem
1247 3001 1468 3046 evocare,
1505 3001 1655 3050 saepe
1689 2985 1834 3034 etiam
1860 3002 1955 3036 me·
2028 3042 2036 3046 N
