2112 3288
432 172 533 222 226
968 187 1032 221 10,
1061 188 1194 221 DEcn
1227 188 1423 222 BARovn

435 304 554 352 dare
578 303 852 365 iusserunt3
893 303 1006 366 quin
1045 308 1093 352 et
1121 304 1374 368 eruptione
1401 304 1452 351 in
1478 304 1659 352 station
1669 319 1744 352 em
1769 301 1928 351 Vara-

436 387 674 435 diensium
692 387 838 445 facta,
865 387 1052 449 aliquot
1075 387 1136 435 iis
1165 387 1360 447 vexilla,
1387 387 1644 435 trucidatis
1669 385 1930 446 nonnullis,

438 471 738 535 exprobrata
774 469 873 517 illis
912 469 1115 530 ignavia
1160 470 1454 532 eripuerunt.
1506 467 1573 517 At
1616 468 1784 529 nostri,
1825 483 1930 517 cum

437 554 561 602 haec
586 567 683 600 non
702 551 1039 611 successisset,
1066 566 1195 599 nova
1211 555 1316 599 arte
1330 550 1609 600 instandum
1624 551 1732 612 rati,
1759 556 1931 600 coacta

441 651 621 698 magna
648 635 790 698 copia
816 634 1130 682 materiarum
1167 634 1335 682 fossas
1376 635 1621 698 complere
1657 639 1944 697 coeperunt,

444 723 580 767 tanto
608 722 799 780 conatu,
839 724 891 767 ut
915 718 1061 766 factis
1090 717 1359 780 aggeribus
1386 717 1568 766 vallum
1607 718 1736 767 arcis
1761 733 1938 783 prope-

441 801 634 850 modum
662 802 1008 864 adaequarent,
1050 805 1099 849 et
1123 800 1236 849 inde
1263 801 1518 850 tormentis
1546 801 1740 850 bellicis
1764 801 1815 850 in
1840 817 1937 852 mu-

439 885 649 934 nitiones
676 884 887 934 hostium
924 885 1216 933 intonarent.
1271 883 1459 943 Quibus
1502 885 1650 933 rebus
1690 900 1797 933 cum
1821 899 1936 934 non-

440 967 562 1016 nihil
599 968 873 1032 profectum
924 967 1188 1028 videretur,
1243 967 1534 1015 munitiones
1586 967 1800 1016 assiduis
1841 968 1938 1017 die-

442 1065 548 1100 rum
587 1067 646 1099 ac
682 1051 893 1099 noctium
939 1050 1346 1100 eiaculationibus
1397 1065 1492 1098 non
1541 1066 1726 1115 paucas
1771 1039 1940 1101 ruinas

444 1134 780 1197 accepissent:
820 1134 989 1183 habito
1029 1134 1229 1182 militari
1256 1133 1459 1183 consilio
1487 1134 1634 1183 duces
1668 1135 1780 1185 XV.
1814 1135 1941 1185 diem

443 1216 659 1266 octobris
709 1217 894 1265 liberos
945 1217 1137 1280 pedites
1190 1217 1409 1280 aliosque
1459 1218 1719 1266 nonnullos
1782 1217 1846 1266 ad
1893 1217 1945 1266 id

445 1300 664 1349 delectos
691 1300 755 1348 ad
780 1316 994 1364 pugnam
1020 1306 1221 1364 paratos
1258 1316 1369 1350 esse
1408 1301 1587 1350 iubent.
1639 1303 1717 1350 Ita
1753 1301 1943 1366 paratis

446 1384 602 1433 nostri
654 1384 904 1444 omnibus,
969 1400 1094 1448 quae
1157 1386 1221 1433 ad
1280 1385 1596 1448 irruptionem
1660 1384 1945 1435 necessaria

447 1467 739 1516 videbantur
764 1505 773 1527 ,
836 1468 958 1516 hora
1021 1468 1218 1517 circiter
1278 1467 1425 1516 tertia
1474 1467 1810 1532 pomeridiana
1837 1505 1847 1528 ,
1901 1474 1947 1517 et

450 1564 543 1614 quo
570 1549 784 1598 Barbari
810 1550 1157 1613 imparatiores
1204 1555 1384 1609 essent,
1425 1555 1661 1613 vergente
1687 1550 1751 1599 ad
1775 1564 1947 1615 vespe·
2024 1609 2026 1611 ,

452 1650 557 1683 ram
585 1634 677 1694 die,
706 1635 819 1683 dato
847 1635 1005 1696 signo,
1044 1636 1254 1698 undique
1281 1636 1331 1683 in
1368 1635 1660 1684 munitiones
1700 1634 1950 1694 advolant,

455 1722 502 1766 et
526 1718 714 1780 ingenti
741 1733 846 1766 cum
873 1720 1086 1768 clamore
1113 1720 1384 1783 irrumpere
1423 1723 1671 1767 conantur.
1717 1717 1817 1767 Sed
1841 1733 1947 1767 cum

454 1800 632 1850 Turcis
684 1802 920 1850 acerrime
970 1802 1330 1862 resistentibus,
1371 1802 1574 1851 ducibus
1614 1807 1775 1863 autem
1825 1801 1948 1865 ipsis

452 1889 730 1934 nostrorum
754 1886 1003 1949 plerisque
1032 1902 1152 1935 voce
1167 1890 1352 1934 tantum
1375 1886 1575 1946 eminUS,
1602 1900 1698 1933 non
1724 1886 1949 1949 exemplo

451 1968 667 2017 cominus
693 1983 796 2016 rem
823 1968 1124 2031 gerentibUS,
1164 1983 1260 2017 non
1292 1968 1435 2032 pauci
1462 1984 1523 2016 ex
1554 1968 1770 2031 Vngaris
1796 1967 1944 2029 caesi,

454 2051 794 2114 vulneratique
833 2053 1109 2115 complures
1136 2052 1359 2111 fuissent,
1398 2052 1577 2100 milites
1615 2066 1669 2099 re
1694 2050 1877 2100 infecta
1901 2051 1951 2098 in

457 2139 621 2184 castra
659 2135 866 2184 rediere,
893 2135 1106 2184 Emicuit
1129 2136 1179 2183 in
1213 2151 1271 2184 eo
1297 2135 1487 2198 praelio
1516 2134 1670 2183 virtus
1686 2134 1949 2183 liberorum

458 2217 688 2282 peditum,
718 2219 799 2281 qui
833 2234 938 2267 cum
966 2219 1015 2266 vi
1039 2219 1256 2281 praedae
1284 2219 1442 2267 studio
1471 2233 1634 2267 arcem
1671 2218 1782 2281 capi
1808 2232 1948 2281 cupe-

461 2307 582 2362 rent,
599 2302 799 2350 summis
814 2303 1000 2351 viribus
1019 2319 1254 2367 superare
1270 2283 1559 2352 munitiones
1571 2302 1731 2350 conati
1745 2303 1951 2351 fuerant.

466 2385 674 2433 Miserat
712 2400 768 2433 eo
807 2387 1091 2448 praeteritis
1132 2387 1303 2435 diebus
1332 2385 1583 2449 Georgius
1609 2385 1830 2449 Borbely
1861 2385 1954 2434 duo

467 2467 655 2516 maiora
681 2472 939 2528 tormenta,
979 2468 1136 2531 iisque
1163 2469 1459 2529 deducendis
1488 2468 1686 2517 Petrum
1714 2469 1960 2517 Barraba-

465 2551 588 2599 sium
615 2566 721 2599 cum
744 2551 902 2600 tribus
930 2552 1331 2600 vexillationibus
1346 2552 1668 2615 praefecerat.
1699 2554 1750 2601 Is
1766 2567 1873 2600 cum
1898 2566 1956 2600 eo

466 2634 788 2698 pervenisset,
814 2638 1150 2698 tormentaque
1176 2635 1225 2682 in
1251 2635 1521 2698 aggeribus
1535 2635 1627 2683 rite
1644 2635 1951 2695 collocasset,

466 2717 691 2782 proxima
728 2723 884 2779 nocte,
910 2734 972 2767 ne
999 2718 1223 2767 discessu
1250 2734 1415 2767 eorum
1444 2724 1610 2767 castra
1632 2719 1779 2767 minui
1805 2733 1955 2782 appa-

470 2804 650 2861 rerent,
693 2815 798 2850 cum
827 2801 928 2850 suis
955 2802 1176 2850 omnibus
1203 2801 1412 2865 Lippam
1439 2802 1667 2850 redierat.
1707 2801 1775 2850 At
1801 2799 1958 2850 Greor-

470 2882 581 2945 gius
608 2884 806 2946 veritus,
835 2900 895 2933 ne
921 2885 1120 2947 ignavia
1148 2885 1489 2948 imperitiaque
1515 2886 1643 2934 male
1681 2898 1762 2933 res
1800 2884 1850 2932 in
1876 2898 1959 2947 op-

470 2967 767 3030 pugnatione
807 2969 1081 3030 gereretur,
1113 2968 1351 3031 postridie
1392 2969 1495 3017 eius
1524 2969 1631 3030 diei,
1672 2982 1765 3030 quo
1803 2966 1962 3015 infeli—
