2112 3288
597 148 662 180 DE
689 147 797 181 nnn.
826 150 936 183 ητα.
965 149 1076 182 DEC.
1105 150 1151 181 x.
1178 151 1221 182 L.
1255 154 1300 184 v.
1628 137 1729 188 103

222 264 476 328 quendam,
498 264 562 312 ad
587 263 867 328 Principem
893 263 1252 312 Temesvarino
1281 265 1496 324 missum,
1526 283 1586 315 ex
1612 269 1727 318 insi-

222 347 317 397 diis
342 347 516 406 adorti,
557 352 728 396 contra
765 347 843 396 ius
882 347 1100 410 gentium
1138 347 1505 397 interfecerunt.
1560 351 1636 399 Ea
1674 367 1729 399 re

221 429 435 492 cognita,
461 429 608 478 mittit
645 430 891 494 extemplo
920 430 1351 478 Temesvariensis
1378 431 1556 491 Bassa,
1581 447 1726 494 quen·

220 511 332 561 dam
358 528 386 561 e
411 507 515 562 suis
542 512 607 561 ad
631 512 911 577 Principem
940 511 1319 575 Sigismundum‚
1343 518 1393 562 et
1417 529 1507 577 per
1534 530 1641 562 eum
1669 516 1729 564 de

218 596 479 646 interfecto
507 594 744 658 ChausiO,
770 597 974 661 iureque
1001 596 1218 660 gentium
1234 596 1419 645 violato
1441 634 1451 657 ,
1489 598 1729 647 acerrime

221 680 552 745 conqueritur.
581 681 709 730 Erat
746 686 861 730 tunc
889 681 1122 731 Thordae
1161 679 1420 744 Princeps,
1455 684 1504 729 et
1528 680 1727 729 indictis

219 763 454 826 comitiis,
507 764 623 828 quid
658 765 793 815 facto
834 766 885 814 in
922 770 1059 814 tanto
1099 764 1318 824 orientis,
1359 764 1727 829 occidentisque

217 852 350 897 motu
375 862 498 912 opus
526 853 675 909 esset,
715 848 1042 898 deliberabat.
1082 848 1241 911 Igitur
1279 851 1455 896 vocato
1494 848 1546 896 in
1571 848 1729 898 consi-

146 955 151 961 ·
216 931 333 982 lium
360 930 616 980 Friderico
643 931 819 992 Zavor,
845 933 1042 982 homine
1082 933 1195 990 fido,
1236 936 1383 996 atque
1422 936 1638 992 strenUO,
1665 948 1727 981 ex

217 1015 411 1066 consilii
438 1016 687 1066 sententia
714 1017 927 1078 mandat,
967 1023 1019 1066 ut
1055 1017 1308 1081 profectus
1343 1016 1602 1065 confestim
1629 1016 1725 1066 Lu-

216 1099 458 1164 gasinum,
487 1097 712 1164 Georgio
739 1100 1014 1163 PalaticiO,
1065 1102 1171 1151 eius
1202 1105 1391 1149 tractus
1430 1101 1570 1148 Bano
1598 1115 1724 1148 com-

217 1184 350 1234 muni
373 1185 567 1249 nomine
594 1185 854 1249 significet,
879 1191 933 1235 ut
958 1201 1133 1250 pacem
1173 1201 1281 1234 cum
1306 1184 1525 1233 finitimis
1541 1185 1721 1234 Turcis

217 1268 348 1317 omni
374 1268 536 1318 studio
561 1273 770 1329 tueatur,
825 1284 1010 1333 eosque
1051 1269 1145 1338 ⁴qui
1193 1267 1413 1317 foederis
1450 1267 1720 1317 violatores

216 1351 715 1417 deprehenderentur,
744 1353 1062 1402 severissime
1076 1353 1258 1417 puniat.
1278 1351 1564 1400 Fridericus
1591 1368 1722 1401 man-

216 1435 332 1485 data
357 1435 603 1502 Principis
630 1438 762 1502 apud
774 1438 965 1486 Banum
990 1437 1203 1486 fideliter
1230 1441 1479 1497 executUS,
1521 1436 1724 1485 Temes-

214 1521 437 1587 varinum
460 1522 803 1587 proficiscitur,
841 1522 1134 1586 Bassaeque
1149 1520 1396 1585 Principis
1418 1520 1612 1569 nomine
1642 1535 1723 1568 ex-

214 1604 366 1670 ponit,
393 1605 592 1654 caedem
632 1601 1297 1669 Chausiorum‘nequaquam
1335 1604 1439 1653 eius
1471 1605 1725 1653 voluntate

211 1693 550 1755 perpetratam
576 1704 705 1739 esse.
735 1689 879 1750 Quod
904 1695 957 1739 ut
981 1690 1179 1739 facilius
1204 1690 1425 1738 barbaro
1450 1688 1721 1753 persuade-

213 1779 365 1835 retur,
393 1774 593 1824 vocavit
620 1790 730 1823 eum
756 1774 820 1823 ad
845 1775 1018 1836 locum,
1044 1773 1131 1823 ubi
1147 1774 1327 1823 caedes
1342 1773 1724 1838 patratafuerat,

214 1857 382 1922 ibique
407 1858 572 1907 Bassa
597 1863 879 1922 praesente,
906 1873 966 1907 ac
998 1858 1324 1922 inspectante,
1363 1862 1589 1906 auctores
1617 1857 1723 1906 euis

195 1941 436 2004 sceleris,
478 1957 552 2000 eo,
594 1957 691 2007 quo
730 1943 839 2006 ipse
888 1941 1141 2003 iussisset,
1193 1942 1366 1991 mortis
1417 1957 1623 2005 genere,
1662 1957 1725 1990 ex

212 2025 524 2091 praescripto
541 2025 789 2090 Principis
826 2040 882 2075 se
897 2026 1179 2091 puniturum
1194 2017 1471 2075 affirmavit.
1490 2025 1725 2075 Assensit

214 2115 316 2159 tum
342 2109 389 2160 ei
414 2109 594 2171 Bassa,
622 2126 777 2175 seque
817 2110 881 2159 ad
919 2110 1267 2175 praestitutum
1307 2110 1446 2171 diem,
1475 2126 1535 2160 ac
1560 2111 1723 2160 locum

215 2193 410 2243 omnino
436 2195 698 2256 affuturum
735 2193 975 2259 promisit.
1026 2192 1126 2243 Sed
1151 2199 1343 2259 postea,
1370 2208 1460 2244 seu
1485 2194 1723 2244 simulans

214 2282 408 2340 metum,
435 2292 524 2328 seu
550 2278 682 2342 quod
706 2293 885 2328 revera
910 2278 982 2327 ita
1008 2278 1229 2339 sentiret,
1258 2293 1410 2342 seque
1437 2279 1502 2327 ab
1527 2278 1722 2327 insidiis

215 2362 678 2428 Transylvanorum
716 2367 934 2412 metuere
962 2362 1161 2424 diceret,
1187 2363 1238 2411 in
1263 2363 1387 2421 loce,
1401 2366 1722 2427 temporeque

214 2460 277 2494 ex
301 2446 571 2512 composito
597 2446 835 2512 praefixo,
871 2461 1160 2511 comparere
1197 2447 1368 2496 noluit.
1419 2448 1499 2496 Ita
1537 2462 1645 2495 cum
1674 2450 1723 2494 et

212 2529 387 2590 literis,
438 2535 488 2580 et
523 2530 713 2580 nunciis
751 2531 938 2581 frustra
974 2537 1181 2594 rogatus
1220 2531 1386 2581 Bassa
1427 2531 1629 2589 fuisset,
1669 2533 1723 2578 ut

215 2618 466 2678 spectator
503 2629 616 2664 esse
652 2631 845 2680 poenae
895 2615 1282 2678 foedifragorum
1335 2615 1512 2674 vellet,
1563 2614 1723 2677 iisque

214 2712 312 2747 non
337 2684 460 2762 opus
498 2698 596 2748 iam
635 2715 695 2748 ea
731 2715 787 2749 re
826 2700 1183 2761 renunciasset,
1212 2714 1319 2748 cum
1353 2702 1487 2747 certo
1528 2701 1722 2746 consta-

212 2784 304 2841 ret,
337 2779 615 2845 Principem
655 2783 1058 2848 Transylvanum
1109 2801 1139 2834 a
1177 2781 1399 2832 Caesare
1423 2780 1722 2830 descivisse:

214 2862 515 2925 Fridericus,
540 2864 702 2914 officio
728 2881 847 2915 suae
862 2867 976 2916 fidei
1002 2867 1263 2917 commisso
1281 2880 1335 2914 se
1351 2864 1628 2914 defunctum
1643 2880 1720 2913 ra-

213 2951 308 3007 tus,
346 2947 567 2996 homines
603 2947 718 2999 illos
759 2950 926 2999 caedis
964 2950 1197 3002 authores
1236 2947 1466 2997 absentia
1502 2947 1715 2998 hostium
