2112 3288
637 186 702 218 DE
727 184 835 217 nnn.
860 182 974 217 vNG.
1003 181 1113 237 nnc.
1140 182 1187 215 x,
1215 183 1260 216 L.
1286 184 1332 216 v.
1541 214 1544 215 γ
1667 172 1757 230 99“

230 308 330 352 tum
357 301 603 357 simulare,
630 303 1055 363 contemptumque
1093 297 1169 346 sui
1207 297 1339 361 apud
1364 303 1561 347 nostros
1588 300 1736 347 omni-

232 387 325 435 bus
350 383 508 435 modis
534 382 810 432 conciliare.
840 379 1031 439 Quibus
1058 381 1282 429 omnibus
1320 379 1370 427 id
1410 381 1585 442 effecit,
1611 388 1663 431 ut
1690 389 1738 431 et

230 468 388 519 nostri
413 482 522 517 eum
547 466 644 515 iam
671 464 1022 530 propemodum
1051 464 1365 527 desperasse,
1405 479 1497 512 nec
1523 479 1736 528 unquam

229 553 362 603 vires
400 550 639 613 colligere
677 564 854 614 posse,
906 554 992 597 aut
1032 548 1223 612 copiam
1270 547 1525 612 pugnandi
1574 549 1741 598 facere

227 636 371 694 velle,
396 635 683 694 iudicarent,
711 639 759 682 et
785 631 977 682 Caesar
1003 647 1062 681 eo
1089 631 1251 694 magis
1277 631 1525 681 laboranti
1551 631 1737 682 Sinano

229 721 400 785 copias
427 719 715 769 submittere
739 732 838 766 non
865 716 1129 766 dubitaret.

659 970 894 1020 CAPVT
933 966 1296 1017 OCTAVVM.

306 1080 310 1084 ι
370 1095 448 1144 De
473 1094 676 1143 comitiis
691 1090 943 1155 Rudolphi
968 1088 1289 1153 Imperatoris
1303 1088 1596 1137 Ratis-bonae

845 1173 1112 1223 celebratis.

370 1312 501 1361 Dum
538 1315 612 1359 tot
647 1308 899 1371 tantisque
936 1308 1213 1358 rumoribus
1255 1306 1576 1357 Christianus
1604 1309 1741 1358 orbis

227 1397 293 1446 ad
316 1395 484 1447 felicia
510 1409 734 1458 quaeque
761 1392 1012 1456 speranda
1037 1392 1259 1456 erigitur.
1284 1390 1578 1456 Rudolphus
1593 1394 1740 1444 etiam

227 1482 506 1545 Imperator
532 1477 880 1535 Romanorum,
915 1491 976 1524 ne
1015 1475 1244 1538 partibus
1271 1475 1375 1524 suis
1402 1476 1580 1526 deesse
1606 1478 1740 1527 vide-

225 1567 374 1624 retur,
401 1562 599 1613 comitia
635 1560 836 1625 Imperii
873 1558 1182 1608 Ratisbonae
1218 1559 1407 1608 indixit.
1447 1558 1738 1611 Convenere

230 1664 288 1700 eo
313 1648 460 1714 pauci
485 1662 548 1696 ex
573 1632 979 1711 protestantibus,
1006 1642 1139 1706 iique
1164 1658 1255 1706 per
1280 1643 1491 1706 legatoS,
1519 1659 1590 1706 eo,
1611 1646 1742 1710 quod

230 1738 448 1783 metuere
475 1747 530 1780 se
557 1730 790 1789 dicerent,
834 1744 903 1801 'ne
944 1728 1006 1777 ab
1044 1727 1121 1788 iis,
1174 1727 1258 1791 qui
1284 1727 1540 1777 Pontificis
1566 1730 1742 1779 summi

183 1857 186 1858 γ
232 1817 580 1868 authoritatem
607 1818 891 1878 sequuntur,
918 1812 1084 1876 aliquo
1100 1811 1392 1862 detrimento
1413 1813 1740 1864 afficerentur.

231 1901 502 1965 Postquam
538 1904 704 1949 tamen
741 1897 984 1963 primores
1022 1896 1245 1945 ordinum
1285 1912 1343 1946 eo
1377 1898 1740 1960 convenissent,

231 1983 422 2035 Caesar
446 1999 537 2049 per
561 1983 880 2046 interpretem
905 1980 1149 2044 proponit,
1179 1981 1421 2044 quomodo
1450 1983 1648 2032 Turcae
1663 1997 1742 2032 su-

231 2068 417 2134 periori
442 2083 586 2127 anno,
611 2070 756 2130 rupto
783 2069 985 2129 praeter
1010 2065 1089 2113 fas
1114 2064 1329 2127 foedere,
1356 2065 1406 2114 in
1434 2064 1640 2116 Oroatia
1668 2066 1742 2116 Si-

243 2168 423 2213 secum,
448 2152 498 2200 in
525 2149 753 2214 Vngaria
789 2164 907 2197 vero
944 2149 1291 2214 Vesprimium,
1319 2150 1642 2215 Palotamque
1670 2167 1745 2201 ce—

233 2237 439 2303 pissent,
466 2240 517 2284 et
541 2235 768 2298 ingentes
795 2234 976 2296 ubique
1003 2234 1312 2283 vastationes
1339 2234 1625 2297 edidissent,
1652 2252 1743 2285 nec

230 2326 345 2371 ante
372 2325 546 2385 coepto
574 2319 819 2368 absistere
846 2318 1152 2378 statuissent,
1175 2334 1322 2383 quam
1337 2319 1544 2381 omnin0,
1573 2319 1742 2369 deleta

231 2405 470 2469 Vngaria,
522 2404 795 2453 Romanum
840 2403 1001 2467 ipsum
1053 2403 1318 2468 Imperium
1371 2403 1739 2467 subiugassent.

231 2489 445 2539 Proinde
471 2489 658 2538 monuit
684 2503 852 2536 omnes
891 2488 1090 2536 ordines
1131 2488 1276 2551 gravi
1302 2489 1539 2550 oratione,
1592 2496 1739 2554 atque

234 2574 382 2622 etiam
431 2574 727 2634 obsecravit,
777 2588 838 2621 ne
876 2570 1126 2621 laboranti
1154 2570 1471 2622 Christianae
1508 2573 1740 2637 reipubli-

235 2671 323 2705 cae
349 2657 592 2716 deessent,
620 2644 995 2720 cogitarentque
1035 2670 1214 2717 secum,
1254 2672 1357 2705 rem
1397 2657 1613 2720 ipsorum
1642 2670 1739 2705 om-

235 2739 348 2788 nino
375 2740 473 2802 agi,
505 2741 617 2789 dum
655 2740 976 2789 fortissimam
1003 2740 1318 2803 Vngarorum
1358 2745 1571 2803 gentem,
1613 2755 1739 2802 quae

233 2822 458 2873 ducentis
508 2823 719 2888 amplius
768 2824 866 2873 iam
917 2824 1061 2873 annis
1118 2825 1351 2890 impetum
1414 2824 1739 2872 barbarorum

234 2907 566 2966 sustinuisset,
605 2907 654 2955 in
695 2913 913 2956 extremo
953 2908 1236 2957 discrimine
1275 2908 1468 2956 versari
1495 2907 1734 2956 viderent.

237 2989 534 3040 Conferrent
558 2990 710 3054 igitur
734 2992 1006 3054 pecuniam,
1046 2992 1220 3041 darent
1258 2991 1448 3053 milites,
1491 3006 1628 3040 arma
1652 3007 1738 3055 pa-

1468 3085 1520 3127 7*
