2112 3288
691 145 756 177 DE
775 144 883 178 ΗΕΒ.
910 144 1022 178 vno.
1047 145 1159 178 nno.
1187 146 1252 182 XI.
1277 147 1321 178 L.
1348 146 1399 179 11.
1500 159 1507 162 -
1690 132 1794 183 313

294 262 550 328 suppetias
575 259 918 310 laborantibus
958 276 1019 309 ex
1046 261 1315 325 improviso
1355 267 1633 326 apportent.
1677 262 1796 313 Cur-

290 360 376 395 rus
400 345 570 394 itidem
608 345 672 393 ad
709 349 883 409 portas
922 345 972 393 in
1007 359 1179 409 campo
1206 344 1476 393 consistent
1515 361 1621 394 cum
1661 348 1794 411 equi-

288 432 407 492 tata,
433 443 524 478 nec
548 427 662 477 inde
690 442 942 494 quoquam
969 427 1094 477 citra
1119 427 1402 479 mandatum
1428 429 1675 479 recedent.

905 605 1176 612 ——-—-—-

737 784 980 836 OAPVT
1019 786 1358 838 TERTIVM.

793 907 871 955 De
905 914 1048 970 capto
1074 906 1297 956 lauriae.

438 1024 558 1076 Acie
576 1028 626 1076 in
651 1028 780 1076 hunc
804 1026 999 1076 modum
1026 1030 1278 1075 exstructa
1293 1027 1609 1076 severissime
1626 1025 1803 1076 Comes

291 1109 826 1175 Schwarzenburgicus
852 1109 942 1160 toti
970 1110 1209 1159 exercitui
1225 1112 1493 1173 committit,
1519 1116 1572 1161 ut
1598 1112 1804 1160 simulac

291 1196 465 1260 copiae
491 1195 543 1244 in
570 1195 861 1245 Totensium
889 1210 1011 1259 agro
1052 1185 1384 1256 convenerint,
1414 1211 1554 1245 suum
1594 1197 1802 1260 quisque

293 1281 513 1331 ordinem
542 1280 639 1329 sibi
664 1279 1025 1344 praescriptum
1051 1283 1262 1342 tueatur,
1289 1296 1381 1329 nec
1406 1286 1519 1330 ante
1545 1281 1800 1330 victoriam

288 1364 491 1429 praedis
517 1364 772 1429 rapiendis
801 1366 891 1414 sub
920 1364 1332 1429 praesentissimo
1361 1364 1543 1429 capitis
1583 1364 1800 1430 periculo

288 1449 457 1500 inhiet.
485 1449 676 1510 Quibus
702 1449 1032 1514 promulgatis
1058 1450 1153 1499 iter
1180 1450 1440 1499 confestim
1466 1451 1612 1500 laetis
1638 1450 1801 1515 auspi-

291 1534 380 1583 ciis
406 1534 588 1595 ineunt‚
616 1539 665 1583 et
692 1534 756 1583 ad
780 1533 981 1583 fluvium
1008 1532 1216 1584 Socolsa
1230 1534 1535 1599 perveniunt.
1564 1535 1640 1583 Eo
1667 1534 1801 1584 navi-

289 1619 399 1680 buS‚
438 1619 549 1668 loco
576 1618 742 1683 pontis
782 1622 941 1667 strato
969 1618 1139 1682 copias
1166 1618 1443 1679 traducunt,
1485 1623 1534 1667 et
1559 1618 1684 1667 hora
1710 1619 1803 1667 cir-

289 1702 411 1752 citer
449 1718 581 1761 nona
631 1717 777 1752 serae
828 1703 926 1752 iam
964 1703 1153 1764 noctis,
1206 1702 1356 1752 alium
1394 1702 1563 1751 itidem
1601 1702 1799 1752 fluvium

288 1791 559 1849 transeunt,
584 1786 753 1850 ibique
779 1790 973 1836 noctem
1002 1786 1277 1836 traducunt.
1317 1785 1554 1851 Sequenti
1593 1787 1685 1847 die,
1719 1787 1801 1850 qui

289 1869 540 1920 XXVIII.
568 1870 754 1920 mensis
781 1871 952 1920 Martii
977 1871 1082 1932 fuit,
1111 1885 1297 1920 summo
1324 1886 1467 1920 mane
1494 1871 1690 1920 circiter
1716 1870 1802 1919 ho1

287 1969 394 2004 ram
419 1959 612 2003 sextam
638 1954 703 2003 ad
727 1955 940 2004 milliare
965 1956 1226 2019 progressi
1253 1955 1317 2004 ad
1358 1955 1581 2004 dextram
1609 1970 1664 2004 se
1691 1971 1800 2004 con-

288 2042 486 2087 vertunt
522 2037 832 2088 Nemetinum
861 2054 1052 2101 versura,
1081 2043 1129 2088 et
1153 2039 1203 2088 in
1230 2039 1412 2088 vallem
1440 2039 1800 2089 descendentes

288 2137 399 2171 eam
423 2126 577 2172 totam
594 2122 722 2172 diem
737 2122 801 2172 ad
815 2127 1041 2187 quartam
1067 2137 1224 2187 usque
1250 2123 1424 2174 horam
1450 2124 1800 2188 vespertinam,

289 2221 437 2270 quam
461 2207 620 2271 potuit
646 2207 978 2257 occultissime
1003 2207 1300 2271 transigunt.
1329 2207 1457 2257 Tum
1483 2207 1680 2256 tandem
1708 2206 1799 2257 Co-

287 2306 393 2341 mes
419 2289 965 2356 Schwarzenburgicus
1003 2293 1288 2357 praefectos
1315 2293 1622 2356 singularum
1646 2292 1780 2342 natio

286 2390 399 2424 num
426 2375 488 2425 ad
504 2390 558 2424 se
574 2376 742 2426 venire
757 2377 907 2439 iubet,
923 2377 1123 2441 illisque
1137 2377 1445 2442 propositum
1461 2392 1599 2426 suum
1626 2377 1801 2441 aperit,

289 2474 630 2524 mappamque,
647 2461 698 2509 in
715 2476 812 2525 qua
827 2462 954 2511 situs
982 2461 1170 2511 Iaurini
1185 2462 1248 2511 ad
1263 2462 1497 2511 amussim
1526 2461 1800 2510 delineatus

287 2543 532 2604 exstabat,
571 2543 953 2608 diligentissime
995 2545 1315 2607 demonstrat,
1343 2549 1393 2594 et
1421 2561 1563 2608 quem
1591 2544 1800 2607 quisque

285 2627 447 2675 locum
474 2641 715 2692 occupare
729 2629 954 2694 tuerique
971 2630 1161 2689 debeat,
1179 2644 1354 2678 severe
1370 2629 1442 2677 eis
1457 2628 1687 2676 inculcat.
1703 2627 1798 2676 His

288 2709 563 2759 commissis
588 2710 684 2759 iter
709 2711 891 2775 ineunt,
914 2718 963 2762 et
977 2712 1194 2763 secunda
1209 2712 1366 2761 noctis
1394 2711 1519 2760 hora
1533 2711 1582 2759 in
1599 2726 1707 2759 eum
1733 2711 1801 2760 lo-

289 2809 397 2843 cum
410 2793 720 2858 perveniunt,
745 2796 830 2844 ubi
843 2798 1067 2861 proximo
1087 2811 1214 2846 anno
1232 2800 1399 2844 castra
1413 2794 1576 2857 posita
1589 2793 1798 2843 fuerant.

287 2877 368 2926 Ibi
393 2882 497 2926 toto
524 2879 744 2928 exercitu
764 2895 837 2941 ea,
866 2896 1011 2944 quam
1037 2896 1189 2945 supra
1204 2879 1568 2947 descfipsimrm,
1595 2878 1799 2938 ratione,

286 2959 552 3021 instructO,
593 2960 884 3030 Comiteque
946 2962 1484 3026 Schwarzenburgico‚
1539 2977 1644 3010 cum
1696 2961 1801 3011 suis
