2112 3288
454 184 573 235 216<
592 196 594 198 ’
983 202 1047 235 10.
1074 202 1207 235 DECII
1234 202 1430 236 BARovn

451 322 676 366 autumno
726 318 775 367 in
825 319 952 367 hunc
999 319 1188 368 modum
1222 323 1454 378 extractO,
1493 318 1660 382 copias
1691 316 1932 382 Principis

450 407 650 466 propter
682 402 991 451 adventantis
1004 403 1204 451 brumae
1212 402 1466 452 saevitiam
1474 403 1706 467 dilapsas,
1722 415 1935 465 suasque

456 500 515 532 ex
541 485 734 534 munitis
772 485 871 535 illis
911 486 1104 550 oppidis
1144 486 1448 536 occasionem
1490 502 1551 535 ex
1587 486 1859 550 propinquo
1880 485 1934 534 in

455 566 868 635 Transylvaniam
880 570 1178 634 irrumpendi
1197 569 1467 619 faciliorem
1481 569 1751 630 habituras
1777 568 1929 618 donec

452 652 609 715 primo
647 669 780 715 vere,
831 654 982 703 variis
1022 670 1082 703 ex
1119 653 1345 718 partibus
1386 652 1760 718 Transylvania
1796 651 1949 702 iustis.

438 736 610 801 >copiis
637 738 925 788 obrueretur
952 743 1001 787 et
1026 738 1466 787 circumveniretur.

815 1007 1046 1060 GAPVT
1085 1008 1572 1060 DVODECIMVM.

459 1116 534 1164 De
555 1119 717 1179 prima
745 1118 990 1180 Principis
1016 1125 1185 1166 contra
1211 1115 1455 1167 Sinanum
1479 1118 1696 1179 victoria,
1736 1126 1941 1181 recepto·
1984 1153 1989 1159 -

990 1217 1082 1264 que
1117 1200 1396 1266 Teryovisw.

600 1306 836 1372 Princeps
875 1311 1035 1357 autem
1061 1305 1415 1370 sigismundus,
1442 1309 1630 1357 occulta
1654 1307 1752 1357 Dei
1782 1306 1942 1372 provi-

463 1391 627 1442 dentia
652 1391 837 1452 ductus,
876 1390 1024 1456 longe
1062 1392 1309 1442 diversam
1334 1392 1557 1441 vincendi
1593 1391 1763 1442 hostes
1799 1379 1944 1442 ratio-

461 1491 570 1525 nem
608 1482 832 1538 secutus,
884 1476 1081 1525 eosdem
1118 1481 1166 1525 et
1203 1476 1384 1526 arcium
1424 1481 1472 1525 et
1506 1492 1668 1526 rerum
1703 1476 1944 1541 potituros

459 1560 722 1621 iudicabat,
748 1560 829 1624 qui
855 1565 1079 1610 conserto
1106 1561 1269 1629 palam
1305 1561 1495 1624 praelio
1529 1560 1807 1626 superiores
1833 1576 1944 1610 eva-

463 1644 644 1693 derent.
707 1643 959 1692 Indixerat
1008 1643 1157 1707 igitur
1207 1642 1460 1708 Princeps,
1509 1643 1619 1693 dum
1656 1642 1814 1692 adhuc
1874 1642 1944 1691 cis

463 1728 602 1793 alpes
630 1732 1026 1787 commoraretur,
1052 1727 1262 1776 militare
1283 1727 1554 1788 consilium,
1592 1732 1641 1776 et
1664 1732 1823 1777 utrum
1862 1727 1945 1776 ob-

462 1811 591 1860 viam
605 1810 782 1859 Turcis
807 1810 1167 1874 proficiendum,
1194 1826 1257 1859 an
1281 1810 1332 1859 in
1348 1810 1744 1874 Transylvaniae
1768 1810 1945 1858 finibus

463 1894 751 1943 manendum
777 1899 924 1954 esset,
951 1893 1317 1942 deliberandum
1343 1897 1680 1958 proposuerat.
1718 1891 1945 1956 Plerique

463 1978 740 2039 Procerum,
770 1977 1078 2027 considerata
1091 1978 1301 2026 hostium
1316 1977 1632 2035 multitudine,
1646 1976 1946 2041 periculique

464 2061 807 2125 magnitudine,
823 2060 1053 2125 Principi,
1068 2076 1129 2110 ne
1145 2076 1250 2110 cum
1263 2061 1501 2110 Barbaris
1516 2058 1813 2124 confligeret,
1828 2057 1947 2109 mul-

470 2145 535 2194 tis
586 2145 754 2194 verbis
794 2143 1145 2193 dissuaserunt.
1209 2142 1297 2193 Sat
1345 2142 1719 2208 Transylvanos
1755 2141 1948 2205 fecisse,

470 2229 599 2294 quod
634 2229 727 2277 iter
752 2227 950 2290 SinanO,
977 2245 1037 2278 ne
1063 2229 1268 2278 ulterius
1304 2228 1659 2293 progrediatur,
1697 2228 1949 2284 obstruxe-

468 2313 576 2362 rint.
603 2313 713 2362 Hoc
738 2314 835 2361 iam
860 2317 1065 2374 restare,
1092 2329 1153 2362 ne
1179 2318 1371 2378 partam
1396 2311 1523 2360 hanc
1536 2312 1743 2375 gloriam
1765 2310 1949 2376 infelici

470 2396 634 2460 aliqua
660 2394 802 2444 clade
834 2401 1155 2462 corrumpant.
1197 2396 1335 2446 Vnus
1371 2395 1595 2444 inventus
1621 2399 1697 2443 est
1719 2410 1840 2459 prae
1873 2409 1948 2444 ce-

470 2472 603 2542 teris,
630 2479 714 2549 vir·
730 2495 941 2542 magnae
966 2479 1276 2529 authoritatis
1304 2495 1362 2528 ac
1388 2494 1508 2542 erga
1521 2478 1798 2542 Principem
1821 2478 1948 2539 fidei,

471 2563 665 2628 Caspar
690 2558 894 2623 Kornis,
924 2563 1006 2626 qui
1046 2577 1230 2611 summo
1258 2562 1416 2611 studio
1455 2562 1502 2612 in
1541 2562 1591 2610 id
1627 2560 1858 2623 incubuit,
1896 2567 1949 2611 ut

471 2646 709 2710 Princeps
736 2646 971 2696 exercitui
997 2661 1244 2710 praeesse,
1285 2663 1342 2695 ac
1374 2662 1475 2694 rem
1501 2647 1660 2695 Marte
1697 2662 1802 2696 cum
1826 2646 1947 2696 Bar-

473 2732 609 2782 baris
636 2731 918 2780 discernere
944 2732 1103 2780 vellet.
1132 2730 1290 2779 Huius
1317 2730 1465 2792 igitur
1484 2730 1815 2779 cohortatione
1839 2745 1949 2795 par-

474 2816 572 2879 tim,
598 2815 775 2879 partim
802 2829 918 2863 vero
946 2819 1117 2878 suapte
1150 2812 1384 2863 adductus
1411 2813 1662 2878 Princeps,
1690 2813 1948 2863 anathema

474 2915 581 2950 eum
606 2914 717 2947 esse
742 2898 1093 2962 pronunciavit,
1121 2897 1391 2961 quicunque
1420 2898 1529 2958 sibi,
1556 2913 1618 2946 ne
1643 2897 1692 2946 in
1719 2897 1946 2946 conflictu

478 2984 686 3046 adesset,
713 2985 999 3034 dissuadere
1028 2998 1174 3048 porro
1203 2983 1489 3047 susciperet.
1519 2983 1594 3031 Ita
1620 2981 1872 3031 instructis
1897 2981 1947 3030 in
