2112 3288
540 194 602 226 DE
630 193 736 225 REB.
764 191 875 224 VNG.
904 191 1014 223 Dsso.
1043 191 1087 222 x.
1119 192 1158 222 L.
1180 191 1261 223 vn.
1535 233 1541 236 ᾖ
1578 173 1675 225 141

625 389 860 442 CAPVT
901 389 1238 440 TERTIVM.

566 512 643 560 De
671 510 970 575 expeditione
998 509 1301 576 Luyasicmsi.

327 634 599 700 Postquam
626 631 975 698 Sigismundus
1000 630 1255 696 Princeps,
1283 635 1332 680 ut
1348 629 1511 680 iamin
1526 630 1685 679 Tran-

185 719 464 786 sylvaniam
511 723 834 778 revertamur,
889 715 1243 766 deducentibus
1283 731 1393 764 eum
1440 714 1569 764 inter
1610 730 1686 763 ce-

184 809 320 855 teros
351 803 561 854 maxime
586 801 867 867 praecipuis
895 800 1166 849 Francisco
1195 797 1390 859 Gezti0‚
1431 797 1686 863 Stephano

185 888 452 950 Boczkaio,
480 886 731 953 Stephano
757 886 792 937 J
796 886 945 936 osika
971 883 1287 934 Cancellario
1327 882 1406 946 ¹⁹),
1435 898 1558 949 quos
1587 883 1684 932 sin-

0 964 33 1023 '2³
107 1039 109 1041 Ι
186 973 408 1038 gularcm
435 972 480 1022 ei
504 972 650 1023 fidem
675 971 726 1019 in
750 970 903 1021 tantis
928 985 1091 1019 rerum
1128 969 1342 1019 motibus
1375 968 1688 1033 praestitisse

186 1073 338 1124 supra
356 1054 418 1122 3⁰)
445 1054 1352 1117 commemoravimus,'Albam-Iuliam
1391 1053 1560 1102 rediit:
1607 1054 1689 1103 da-

183 1141 248 1193 tis
271 1141 445 1208 paucis
470 1140 627 1206 quieti
665 1139 839 1189 diebus
871 1139 998 1188 nihil
1027 1139 1222 1189 omnino
1239 1138 1487 1203 antiquius
1503 1138 1688 1198 habuit,

188 1241 334 1291 quam
356 1226 432 1276 'rei
457 1227 612 1276 semel
639 1228 845 1290 coeptae
872 1225 1016 1274 firma
1029 1225 1192 1274 iacere
1214 1225 1546 1285 fundamenta⁷
1563 1239 1690 1288 quae

189 1304 337 1362 antea
363 1312 543 1361 affecta
580 1315 783 1371 tantum,
833 1325 1145 1374 nequaquam
1196 1310 1431 1374 perfecta,
1482 1310 1691 1358 fuerant.

189 1395 404 1446 Proinde
430 1370 694 1462 ‘Stephano
733 1395 988 1445 Boczkaio
1027 1394 1292 1457 legationis
1334 1395 1558 1459 principe
1610 1393 1710 1442 de-..

187 1482 418 1546 isignatO,
457 1481 681 1544 adiungit
721 1480 765 1530 ei
794 1495 856 1529 ex
894 1484 1096 1529 senatus
1130 1480 1352 1529 consulto
1394 1478 1693 1543 Gregorium

145 1589 148 1593 ·
189 1564 463 1628 Oziakium,
490 1567 724 1616 Ioannem
754 1564 931 1631 Syger,
972 1566 1208 1614 Ioannem
1235 1564 1409 1614 Fratai
1433 1561 1494 1630 ²¹)
1534 1569 1583 1613 et
1608 1561 1694 1611 Al-

187 1652 380 1702 bertum
406 1649 627 1716 Scnnyei
662 1646 738 1715 ²²),
766 1650 926 1714 iisque
965 1648 1167 1699 mandat
1202 1653 1255 1698 ut
1293 1649 1357 1698 ad
1383 1647 1695 1714 Rodolphum

190 1735 461 1788 Caesarem
508 1735 715 1801 profecti
761 1733 844 1796 ²⁵),
897 1739 1071 1783 cuncta
1108 1727 1198 1800 (uti
1234 1734 1364 1784 infra
1391 1734 1578 1783 dicetur
1610 1748 1694 1782 co-

191 1822 331 1888 piose
354 1817 448 1887 24))
474 1816 582 1871 cum
608 1835 666 1869 eo
694 1825 1061 1884 componerent.
1118 1820 1317 1869 Interea
1343 1819 1456 1868 dum
1473 1818 1596 1869 ha‘ec
1611 1836 1692 1869 ex-

190 1906 467 1972 pediuntur,
518 1905 729 1968 cognitis
770 1906 1045 1954 Turcarum
1085 1905 1510 1969 Tartarorumque
1538 1905 1694 1954 consi-

191 1991 288 2054 liis,
314 2006 484 2043 omnes
510 1991 710 2041 ordines
736 2006 797 2040 ex
824 1990 983 2040 edicto
1012 1989 1259 2055 Principis
1298 1989 1347 2038 in
1386 2005 1586 2055 campos
1612 1988 1697 2038 Al-

193 2077 376 2126 benses
414 2075 593 2126 armati
619 2090 920 2126 convenere.
952 2074 1076 2123 llluc
1102 2075 1305 2124 affertur
1321 2074 1467 2123 falsis
1493 2074 1695 2123 rumori-

194 2162 303 2223 buS,
330 2159 478 2225 quiin
503 2159 736 2234 gerendis
766 2158 917 2208 bellis
945 2159 1205 2208 admodum
1231 2159 1366 2208 noxii
1393 2175 1506 2208 esse
1521 2159 1695 2219 solent,

193 2246 401 2311 ideoque
450 2245 773 2311 prudentibus
825 2244 1032 2294 ducibus
1084 2244 1399 2294 vehementer
1463 2243 1695 2307 fugiendi,

194 2331 475 2381 universam
501 2328 827 2380 Tartarorum
854 2329 1207 2380 multitudinem
1236 2316 1427 2378 domum
1466 2328 1695 2378 tendere:

195 2415 385 2466 duobus
412 2415 652 2465 duntaxat
676 2414 892 2463 millibus
921 2430 1088 2463 eorum
1125 2410 1186 2478 25)
1216 2413 1562 2463 Temesvarini
1589 2428 1695 2462 cum

196 2500 381 2563 Chamo
418 2499 618 2562 relictis„
659 2499 739 2565 qui
779 2514 918 2564 spem
956 2499 1073 2549 iusti
1111 2499 1358 2548 exercitus
1396 2498 1695 2563 praebendO,

343 2690 483 2738 19)Κου.
519 2687 633 2727 e'sak:
662 2690 868 2726 Franciseo
884 2688 1045 2726 Gesztio
1075 2693 1113 2725 et
1132 2687 1327 2733 Stephano
1347 2687 1555 2728 Bochkaio,

341 2749 386 2797 ²⁰)
407 2749 486 2785 Kov.
507 2763 519 2784 .·
543 2761 660 2796 supra
678 2749 886 2796 praestisse

343 2807 388 2855 ²¹)
401 2809 456 2845 ΕΖ
474 2809 580 2845 nincs
599 2807 780 2845 Kov.-nal.

342 2869 386 2916 ²²)
405 2870 494 2905 Kov.
513 2883 523 2903 .-
549 2868 676 2908 Sevek

343 2931 386 2974 ²³)
400 2931 483 2974 Eyy.
502 2931 577 2964 cod,
603 2930 787 2966 hibasan:
812 2929 1001 2967 Praefecti

344 2990 388 3032 ²⁴)
411 2991 491 3026 Kov.
506 3004 516 3024 .·
542 2995 682 3027 cuncta
699 3002 744 3026 ex
763 2992 1000 3037 prat-scripto
1020 3003 1087 3026 suo

347 3050 389 3094 υ)
414 3052 497 3085 Κου.
518 3065 528 3084 .·
554 3062 683 3086 eorum
702 3051 869 3088 millibus
