2112 3288
510 185 575 217 DE
600 185 706 218 ΗΕΒ.
733 183 845 218 VNG.
872 184 984 218 DEc.
1014 185 1059 218 x.
1087 186 1130 218 L.
1158 185 1259 218 vlu.
1512 201 1519 204 ἡ
1554 168 1652 220 187
1705 214 1708 219 ,

152 300 410 350 confestim
448 305 604 359 vocat,
644 305 692 349 et
727 299 986 348 tormentis
1026 304 1139 348 ante
1179 299 1335 348 aciem
1374 292 1683 364 constitutis

151 384 324 449 copias
361 399 454 449 pro
491 383 681 432 ratione
720 382 959 447 temporis
997 398 1057 431 ac
1093 382 1191 430 loci
1242 382 1475 447 disponit.
1530 385 1656 433 Erat

151 467 337 518 nostris
362 482 425 516 ex
451 466 662 516 adverso
690 465 834 515 collis
873 466 1085 530 quidam,
1112 481 1174 515 ex
1201 480 1295 530 quo
1333 466 1575 516 Barbaris
1605 467 1655 516 in

149 555 349 602 nostros
375 548 730 617 decurrendum
757 554 878 598 erat.
917 550 994 599 Eo
1020 565 1131 598 cum
1179 553 1529 598 antecursores
1569 565 1652 600 eo-

148 649 254 684 rum
279 633 620 694 devenissent,
653 632 1050 682 animadversum
1087 637 1164 682 est
1198 633 1261 681 ab
1288 632 1524 696 Vngaris,
1564 634 1656 682 lin-

146 722 231 768 tea
279 717 568 782 cuspidibus
617 717 874 766 hastarum
911 717 1187 766 ornamenti
1212 716 1378 780 gratia
1402 733 1493 781 pro
1514 732 1652 766 more

150 801 333 862 addita,
358 801 697 866 aspirantibus
722 801 884 850 ventis
909 816 1087 851 versus
1126 802 1395 851 exercitum
1432 807 1653 851 nostrum

147 883 346 948 impelli.
373 884 433 934 Id
457 884 666 948 primum
692 884 783 933 fuit
806 885 924 934 boni
950 885 1125 934 ominis
1150 886 1259 934 loco
1287 902 1317 934 a
1353 886 1539 934 nostris
1578 901 1655 934 ac-

149 973 357 1033 ceptum.
384 968 587 1018 Interim
615 973 666 1017 et
689 969 853 1019 Bassa
877 969 1088 1034 ipsemet
1125 984 1231 1018 cum
1270 969 1503 1018 universo
1543 983 1652 1018 suo-

148 1065 256 1100 rum
293 1051 515 1102 exercitu
551 1051 670 1101 colli
708 1051 973 1113 insistens,
1011 1057 1257 1102 tormenta
1308 1052 1565 1102 confestim
1604 1052 1655 1100 in

147 1132 420 1183 subiectam
444 1138 724 1184 nostrorum
749 1134 912 1185 aciem.
933 1134 1115 1198 dirigit,
1144 1140 1519 1199 contemptaque
1534 1150 1666 1198 pau-¹

147 1216 298 1266 citate
325 1216 450 1266 citra
473 1217 626 1267 ullam
650 1219 842 1267 timoris
869 1218 1282 1282 significationem
1306 1218 1358 1266 in
1385 1233 1472 1268 eos
1495 1219 1655 1267 excel-

147 1314 205 1349 so
232 1300 394 1350 animo
421 1299 688 1350 decurrere
713 1302 894 1366 pergit.
925 1301 1026 1352 Vix
1053 1302 1188 1350 acies
1220 1301 1450 1364 utrinque
1489 1301 1652 1365 dispo-

147 1383 274 1433 sitae
299 1384 510 1445 suerant,
536 1399 645 1433 cum
671 1386 869 1434 Turcae
894 1385 1089 1450 priores
1116 1389 1363 1435 tormenta
1388 1385 1438 1433 in
1451 1389 1654 1434 nostros

147 1471 434 1527 exonerant,
459 1466 750 1532 ingentique
779 1469 997 1518 clamore
1023 1469 1227 1518 irruunt.
1254 1469 1384 1518 Mira
1410 1474 1548 1519 certe
1574 1485 1657 1519 res

144 1549 250 1611 fuit,
265 1555 315 1600 et
329 1550 425 1600 soli
437 1550 654 1600 Divinae
667 1549 1019 1601 Providentiae
1034 1552 1384 1614 adscribenda,
1403 1553 1533 1617 quod
1551 1555 1656 1615 glo-

146 1632 226 1682 bis
250 1632 518 1684 hostilibus
544 1635 680 1683 acies
718 1639 997 1684 nostrorum
1049 1637 1482 1700 supervolantibus
1533 1637 1657 1686 nihil

148 1717 426 1768 detrimenti
451 1732 509 1767 eo
535 1733 721 1781 genere
759 1719 998 1769 militibus
1036 1720 1222 1768 nostris
1260 1721 1452 1770 illatum
1492 1721 1654 1781 fuerit,

149 1817 257 1851 cum
282 1817 310 1850 e
336 1801 585 1851 contrario
610 1801 784 1866 primis
811 1802 978 1852 statim
1012 1802 1330 1866 Vngarorum
1369 1803 1654 1853 eiaculatio·

143 1885 290 1934 nibus
314 1884 514 1949 plurimi
540 1900 602 1934 ex
616 1885 859 1935 Barbaris
884 1886 1096 1951 protriti,
1123 1887 1427 1950 pulvereque
1441 1891 1653 1936 tormen-

147 1968 279 2017 tario
318 1968 448 2017 forte
483 1968 687 2018 incenso
714 1985 896 2033 magna
934 1971 1035 2019 illis
1073 1976 1271 2034 strages
1298 1970 1441 2020 illata
1488 1971 1651 2020 fuerit.

148 2050 340 2100 lnvecti
363 2055 530 2100 tamen
556 2056 672 2100 sunt
696 2052 892 2102 fortiter
917 2053 1134 2103 Barbari
1159 2054 1210 2102 in
1235 2058 1447 2115 nostros,
1470 2059 1520 2104 et
1545 2070 1652 2104 cum

145 2132 342 2197 pedites
369 2132 658 2196 Saxonicos,
687 2136 892 2196 aliosve,
920 2137 1003 2200 qui
1026 2138 1235 2201 primam
1262 2138 1419 2187 aciem
1445 2138 1652 2187 sustine-

145 2216 279 2276 bant,
319 2215 478 2280 primo
522 2217 691 2267 statim
740 2219 924 2283 impetu
961 2221 1298 2279 inclinassent,
1339 2226 1651 2284 ceteramque

146 2299 462 2362 Vngarorum
510 2305 705 2364 partem
756 2302 1108 2354 circumvenire
1159 2304 1526 2365 contenderent,
1590 2306 1654 2354 ab

147 2381 395 2445 equitibus
434 2384 643 2448 excepti,
667 2387 861 2449 praelio
899 2403 998 2436 non
1036 2388 1117 2437 diu
1153 2390 1368 2438 tolerato
1405 2390 1457 2438 in
1481 2390 1652 2452 fugam

147 2465 405 2514 confestim
430 2472 791 2518 convertuntur.
830 2470 1026 2520 Instant
1062 2472 1367 2535 fugientibus
1406 2472 1564 2521 nostri
1603 2477 1653 2520 et

147 2561 257 2595 cum
295 2547 473 2598 cedere
510 2564 598 2599 eos
624 2551 863 2613 viderent,
897 2554 1058 2616 magis
1084 2571 1143 2603 ac
1169 2555 1330 2617 magis
1375 2554 1652 2619 dispalatos

145 2629 417 2692 impellunt.
464 2629 605 2690 Quae
643 2632 755 2682 dum
792 2634 863 2683 ibi
904 2641 1155 2698 geruntur,
1208 2636 1401 2685 interim
1441 2636 1653 2695 Turcae,

146 2726 271 2775 quos
308 2712 360 2760 in
385 2728 502 2762 arce
540 2716 765 2779 captivos
804 2723 1095 2769 asservatos
1122 2719 1421 2778 dixeramuS,
1450 2717 1649 2779 cognito

144 2794 342 2844 Bassae
392 2795 606 2846 adventu
655 2799 865 2849 vinculis
919 2817 1033 2852 sese
1083 2803 1350 2862 soluerant,
1403 2806 1452 2850 et
1502 2805 1649 2865 prout

147 2892 388 2941 quemque
426 2893 538 2928 sors
576 2888 873 2944 armaverat,
901 2884 1109 2935 aedibus
1147 2884 1262 2946 illis,
1307 2884 1393 2932 ubi
1420 2898 1650 2932 asserva-

144 2959 340 3020 bantur,
365 2961 571 3027 pulvere
596 2963 870 3016 clanculum
895 2967 1217 3017 tormentario
1253 2966 1508 3030 supposito
1548 2970 1646 3017 tur·
