2112 3288
463 165 562 216 102
990 183 1055 216 10.
1083 182 1217 215 nucu
1242 180 1440 214 BARovn

456 302 621 345 tamen
648 311 742 344 non
770 312 828 344 eo
855 296 1065 356 adducti,
1091 303 1144 347 ut
1169 314 1333 347 arcem
1359 298 1541 346 nostris
1569 299 1816 358 dederent,
1859 300 1948 349 sed

457 381 619 444 potius
646 379 999 443 pertinaciores
1025 381 1343 430 redderentur
1368 381 1418 428 in
1442 370 1722 445 proposito.
1775 383 1949 446 Itaque

459 478 564 511 cum
590 463 776 511 frustra
801 463 980 511 multos
1007 463 1125 525 dies,
1152 463 1363 513 maxima
1401 479 1507 512 cum
1544 463 1762 522 militum,
1803 480 1950 527 equo·

457 561 577 605 rum,
609 545 859 608 pecuniae,
901 546 1206 610 omniumque
1244 546 1635 595 necessariorum
1673 547 1876 606 iactura,
1900 547 1951 595 in

461 628 825 692 oppugnatione
851 627 1180 678 Hatvaniensi
1220 630 1652 694 consumpsissent,
1692 635 1802 679 orta
1825 630 1952 680 inter

460 712 608 760 duces
636 711 965 770 dissensione,
1017 728 1076 760 ac
1113 713 1404 777 proditionis
1445 713 1740 776 suspicione,
1778 713 1953 762 itinere

382 834 385 836 .
458 795 609 857 fugae
636 794 783 842 simili
822 795 934 843 inde
963 810 1017 843 se
1043 796 1250 859 quisque
1278 797 1466 845 domum
1495 800 1798 859 receperunt.
1815 796 1952 845 Idem

459 893 553 926 non
580 879 729 926 multo
754 881 869 941 post
909 883 958 926 et
994 879 1374 943 oppugnationis
1401 878 1758 942 Strigoniensis
1792 881 1953 928 exitus

460 961 564 1009 fuit.
591 959 860 1022 Postquam
886 961 1011 1008 enim
1038 975 1134 1009 non
1160 962 1388 1024 exiguam
1401 961 1657 1022 hominum,
1691 961 1817 1010 inter
1831 977 1954 1025 quos

459 1048 508 1092 et
547 1042 839 1091 Valentinus
878 1043 1092 1092 Balassa
1115 1044 1232 1103 fuit,
1267 1049 1636 1107 ceterorumque
1661 1044 1952 1094 bellicorum

459 1132 810 1175 commeatuum
834 1126 1074 1176 iacturam
1106 1128 1176 1175 ibi
1216 1129 1319 1177 fato
1345 1129 1554 1191 quodam
1580 1128 1739 1178 nostri
1762 1129 1952 1178 frustra

461 1210 715 1258 fecissent:
745 1209 1059 1258 adventantis
1096 1226 1290 1259 rumore
1317 1210 1501 1271 Sinani,
1530 1213 1951 1275 Tartarorumque

459 1308 548 1355 per
570 1292 973 1363 Transylvaniae
998 1293 1122 1341 fines
1150 1294 1404 1357 eruptione
1444 1294 1574 1354 moti,
1613 1294 1742 1357 quod
1773 1309 1956 1359 nequa·

461 1391 605 1438 quam
643 1390 698 1423 se
730 1390 878 1439 pares
905 1376 1149 1424 obsidioni
1189 1376 1331 1425 simul
1363 1376 1630 1439 urgendae,
1682 1381 1730 1425 et
1765 1376 1955 1441 praelio

461 1473 567 1507 cum
592 1462 731 1507 tanta
756 1458 1092 1508 Barbarorum
1132 1460 1451 1508 multidudine
1477 1460 1701 1520 ineundO,
1740 1460 1848 1508 fore
1873 1474 1958 1522 pu-

458 1545 636 1599 tarent,
662 1540 799 1588 vasis
827 1540 1045 1589 collectis
1073 1541 1321 1590 laurinum
1347 1557 1401 1590 se
1429 1557 1602 1591 versus
1629 1556 1879 1606 recepere,
1903 1541 1954 1589 in

459 1623 510 1671 id
536 1623 664 1672 omni
685 1623 844 1671 studio
869 1623 1220 1683 incumbentes,
1259 1629 1312 1673 ut
1350 1629 1398 1673 et
1436 1625 1775 1674 laborantibus
1801 1623 1954 1682 lauri-

459 1706 709 1764 nensibUS,
739 1705 782 1753 si
808 1704 1082 1754 necessitas
1095 1708 1384 1770 postularet,
1402 1712 1642 1755 maturam
1655 1721 1796 1770 opem
1809 1706 1954 1767 ferre,

460 1793 509 1837 et
530 1787 935 1852 depopulationes
963 1787 1171 1837 hostiles
1197 1789 1433 1850 inhibere,
1474 1790 1740 1854 copiasque
1765 1790 1955 1853 Barba-

459 1872 616 1930 ricas,
669 1886 795 1934 quae
833 1872 964 1920 ultra
1000 1876 1220 1921 trecenta
1245 1872 1489 1922 hominum
1516 1873 1668 1922 millia
1695 1888 1955 1922 excurrere

463 1955 762 2014 dicebantur,
789 1954 873 2003 ubi
900 1969 955 2003 se
981 1955 1177 2004 occasio
1205 1956 1357 2016 daret,
1386 1956 1592 2020 carpere
1630 1961 1848 2020 possent.

912 2214 1144 2266 GAPVT
1184 2215 1523 2266 DEOIMVM,

644 2333 718 2380 De
743 2333 880 2381 clade
905 2334 1264 2384 Rascianorum
1296 2335 1774 2384 Beczkerelciensium.

605 2451 843 2501 Obsessis
898 2455 1096 2504 arcibus
1145 2453 1394 2518 Strigonio
1447 2460 1496 2503 et
1540 2454 1797 2512 Hatvan0,
1850 2469 1956 2503 cum

460 2535 621 2597 longe,
673 2536 867 2598 lateque
895 2551 1008 2585 sese
1031 2538 1165 2586 fama
1192 2537 1479 2597 diffudisset,
1506 2536 1785 2600 Principem
1811 2536 1956 2585 etiam

463 2618 866 2682 Transylvanum
911 2634 1016 2667 cum
1041 2610 1110 2668 40
1138 2620 1383 2668 hominum
1409 2620 1623 2668 millibus
1648 2619 1845 2669 iamiam
1871 2619 1955 2668 ad-

460 2705 687 2761 ventare,
719 2706 767 2750 et
806 2701 1162 2751 Temesvarum
1200 2703 1427 2752 obsidere
1463 2702 1620 2763 velle,
1660 2702 1854 2766 quidam
1892 2717 1955 2750 ex

462 2783 749 2844 Rascianis,
794 2801 825 2834 a
863 2785 1161 2835 Balthasare
1201 2786 1505 2849 potissimum
1558 2786 1805 2834 Bathoreo
1847 2784 1953 2833 ani-

462 2866 593 2925 mati,
645 2872 693 2914 et
738 2866 1048 2916 iureiurando
1096 2867 1159 2915 ad
1197 2867 1497 2917 inferendam
1539 2867 1732 2921 Turcis,
1759 2867 1954 2915 ubicun-

461 2962 554 3011 que
581 2950 774 3000 occasio
801 2966 855 3000 se
882 2951 1034 3011 daret,
1073 2950 1169 2999 vim
1208 2950 1384 3013 adacti,
1423 2951 1660 3016 imprimis
1687 2948 1953 3000 Chausium
