2112 3288
564 186 627 218 DE
654 186 762 220 nnn.
790 185 904 219 VNG.
934 186 1044 219 Duc,
1075 187 1119 219 x.
1150 187 1192 219 L.
1222 188 1305 220 vn.
1517 202 1524 205 -
1604 174 1713 226 159,

456 382 690 433 CAPVT
718 381 1044 433 DECIMVM
1084 383 1422 436 TERTIVM.

139 514 150 523 ⁶
200 506 279 554 De
291 502 495 569 foedere
529 501 833 568 Siyismzmdi
873 503 1130 567 Principis
1174 503 1564 569 Transylvaniae
1601 525 1707 555 cum

606 586 907 650 Imperatore
946 587 1293 637 Romanorum.
1345 591 1347 594 ’

345 707 477 757 Dum
503 706 628 756 haec
652 711 918 770 geruntur,
949 707 1130 771 Legati
1143 707 1392 774 Principis
1407 707 1710 773 Sigismundi

206 791 453 842 Viennam
490 791 704 857 profecti
742 785 1238 842 honorificentissime
1255 810 1285 842 a
1311 794 1505 844 Mathia
1531 793 1708 844 Archi-

200 876 322 926 duce
348 875 672 941 excipiuntur,
700 890 758 924 ac
770 874 884 924 inde
899 874 1120 938 Pragam
1147 877 1344 938 magnis
1370 878 1551 942 ubique
1572 879 1709 942 plau-

201 960 341 1010 sibus
391 958 708 1009 deducuntur.
754 959 830 1008 Eo
882 975 988 1008 cum
1040 960 1309 1020 venissent,
1365 961 1483 1010 data
1534 962 1709 1011 orandi

193 1044 358 1111 copia,
385 1045 553 1109 capita
593 1044 956 1109 postulatorum
983 1044 1246 1110 Rodolpho
1286 1046 1588 1110 Imperatori
1620 1062 1708 1111 per

207 1127 507 1193 Gregorium
535 1127 776 1178 Czakium
802 1135 1151 1193 exposuerunt.
1171 1131 1222 1178 Is
1238 1130 1473 1179 novahac
1498 1131 1711 1194 augendi

199 1215 402 1280 Imperii
427 1214 504 1264 sui
530 1214 791 1263 occasione
819 1213 1017 1262 nimium
1033 1215 1273 1276 laetatus,
1301 1215 1551 1277 negotium
1578 1231 1705 1265 com-

198 1298 456 1362 ponendae
482 1298 622 1363 pacis
636 1297 722 1347 dat
738 1297 1143 1347 IoanniKutasio
1167 1299 1421 1363 Episcopo
1446 1300 1706 1362 Iauriensi,

199 1387 249 1431 et
286 1382 452 1446 Regni
487 1381 781 1445 Hungariae
821 1379 1151 1442 Cancellario,
1189 1379 1444 1447 Stephano
1482 1383 1702 1433 Zuchaio

198 1467 453 1532 Episcopo
480 1466 733 1527 Vaciensi,
762 1466 988 1515 Thomae
1015 1466 1236 1515 Erdodio
1264 1467 1428 1516 comiti
1466 1474 1705 1533 perpetuo

198 1552 379 1602 montis
406 1550 615 1612 Claudii,
638 1556 687 1601 et
737 1550 1021 1614 Regnorum
1058 1551 1360 1613 Dalmatiae,
1400 1549 1634 1602 Croatiae
1660 1558 1709 1602 et

199 1635 498 1686 Sclavoniae
526 1635 680 1696 Ban0‚
707 1634 918 1684 Nicolao
954 1634 1102 1683 Palffi
1142 1636 1202 1684 de
1229 1635 1413 1697 Erdo'd,
1443 1634 1623 1685 Comiti
1650 1652 1709 1684 ac

198 1718 474 1786 Capitaneo
512 1719 825 1781 Posoniensi,
878 1719 1389 1783 cubiculariorumque
1441 1720 1705 1783 Regalium

196 1803 458 1868 Magistm,
512 1819 572 1853 ac
609 1817 840 1867 supremo
892 1803 964 1851 cis
1004 1803 1413 1852 Danubianarum
1447 1802 1705 1866 Vngariae

196 1890 412 1955 partium
437 1887 731 1954 Capitaneo,
760 1886 946 1937 Simoni
972 1887 1207 1951 Forgach
1233 1888 1390 1938 libero
1419 1888 1606 1937 Baroni
1640 1890 1700 1939 de

202 1971 391 2036 Gimes,
418 1979 468 2023 et
491 1972 845 2023 Pincernarum
862 1972 1123 2035 Regalium
1138 1972 1399 2036 MagistrO,
1416 1973 1706 2035 Ioanni-loo

198 2057 259 2107 de
285 2058 579 2119 Kazahaza,
608 2057 925 2122 praesentiae
952 2056 1146 2120 Regiae
1185 2057 1235 2105 in
1262 2057 1466 2106 Iudiciis
1494 2058 1701 2107 Locume

196 2142 396 2192 tenenti.
435 2141 538 2203 Hi,
556 2141 907 2206 praesentibus
946 2158 1006 2191 ac
1044 2142 1438 2206 suffragantibus
1474 2139 1698 2192 Caesare

198 2225 443 2292 Speciano
495 2226 749 2291 Episcopo
790 2224 1131 2286 Cremonensi,
1178 2226 1371 2276 Nuncio
1423 2227 1700 2291 apostolico

198 2317 248 2361 et
283 2311 640 2375 Hispaniarum
665 2310 825 2374 Regis
853 2316 1063 2371 oratore,
1117 2308 1385 2360 Guilielmo
1413 2311 1472 2359 de
1518 2310 1702 2361 Sancto

197 2394 466 2458 Clemente,
518 2401 568 2445 et
605 2395 763 2444 Paulo
791 2393 932 2444 Sixto
971 2394 1241 2445 Tranchon
1273 2395 1433 2445 libero
1475 2395 1699 2456 Barone,

195 2486 245 2531 et
258 2481 516 2532 comitatus
533 2481 577 2529 Τ
582 2480 740 2545 yrolis
749 2480 1098 2532 Marschalcho
1109 2479 1457 2541 haereditariO,
1466 2485 1581 2545 post
1595 2479 1697 2528 lon-

192 2578 308 2630 gam
332 2565 610 2630 seriamque
624 2565 1031 2630 disceptationem
1053 2565 1133 2614 his
1149 2565 1507 2615 conditionibus
1521 2579 1700 2629 pacem⁴

195 2650 445 2701 XXVIII.
461 2650 539 2699 die
548 2650 767 2701 Ianuarii
794 2651 1150 2700 concluserunt.
1172 2649 1563 2713 Belli,pacisque
1590 2663 1697 2696 cum

199 2734 437 2784 Barbaris
450 2734 694 2785 ineundae
732 2734 952 2784 rationes
968 2749 1246 2783 communes
1263 2737 1433 2782 sunto:
1457 2732 1698 2796 Transyl-

197 2819 345 2874 vania
370 2834 477 2868 cum
503 2819 756 2869 Moldavia
783 2825 832 2869 et
857 2818 1210 2884 Transalpina,
1236 2817 1440 2866 inclusis
1460 2816 1607 2865 etiam
1633 2815 1695 2864 iis

196 2902 455 2966 Vngariae
481 2902 721 2966 partibUS,
749 2919 873 2967 quas
900 2911 1047 2953 antea
1085 2902 1322 2967 possedit,
1376 2898 1693 2963 Sigismundo

198 2986 419 3050 Principi
445 2985 646 3049 eiusque
673 2986 907 3049 legitimis
921 2987 1218 3038 haeredibus
1246 2983 1504 3034 masculini
1529 2998 1696 3046 sexus,
