2112 3288
498 174 599 225 194
1019 189 1083 224 10.
1115 190 1246 224 neon
1271 190 1465 226 BAnovn

494 308 628 356 nubii
654 307 795 356 situm
823 306 1087 368 castellum,
1124 309 1251 372 quod
1287 308 1494 358 Kokero
1533 308 1719 357 incolae
1756 306 1967 357 nomina-

494 394 624 453 bant,
652 407 712 440 ex
739 406 831 454 quo
858 391 907 438 in
934 406 1094 439 arcem
1121 391 1279 441 aditus
1306 392 1483 441 Turcis
1510 391 1736 440 Danubio
1765 391 1964 440 subvec-

491 476 554 524 tis
592 475 808 539 patebat.
857 475 915 524 Id
942 475 1173 525 Nicolaus
1211 476 1355 525 Palffi
1390 476 1620 539 Vngarus
1661 475 1866 537 obsedit,
1909 491 1967 524 ac

492 559 686 608 tandem
725 559 863 608 XIV.
904 558 980 608 die
1018 560 1129 609 Iulii
1155 560 1335 609 veteris
1373 560 1422 607 vi
1448 559 1759 625 expugnavit.
1810 558 1886 607 Ea
1910 574 1963 608 re

491 643 687 706 cognita
714 641 958 692 Osmanus
986 643 1144 692 Bassa
1170 643 1425 703 Budensis‚
1451 647 1503 692 ut
1529 648 1766 692 maturam
1779 640 1963 705 Strigo-

491 727 740 776 niensibus
756 742 894 790 opem
908 728 1070 787 ferret,
1085 728 1271 776 Bassas
1294 726 1506 777 Bosniae
1521 726 1831 791 Sophiaeque
1859 741 1964 775 cum

489 817 692 875 quatuor
731 812 840 860 aliis
878 812 1061 873 pariter
1100 808 1297 873 Bassis‚
1337 812 1740 876 finitimarumque
1777 809 1959 859 arcium

488 895 755 959 praefectis
783 901 1030 943 convocat.
1062 896 1141 943 Illi
1168 895 1350 944 coactis
1379 895 1722 959 septemdecim
1749 894 1962 958 equitum
1991 902 1995 905 “

490 983 537 1027 et
566 979 797 1028 tredecim
825 979 1015 1027 circiter
1040 979 1252 1042 peditum
1280 979 1491 1028 millibus
1515 980 1678 1042 quinto
1694 977 1960 1028 obsidionis

489 1062 564 1110 die
591 1063 639 1110 in
667 1063 835 1111 hostes
862 1061 1113 1119 duxerunt,
1140 1061 1231 1110 hoc
1259 1061 1458 1110 consilio
1483 1066 1536 1110 'ut
1571 1066 1734 1110 castra
1770 1065 1958 1109 nostro-

492 1161 599 1195 rum
638 1162 697 1194 ex
724 1145 987 1208 improviso
1026 1145 1324 1194 invaderent.
1379 1143 1589 1193 Simulac
1627 1159 1683 1192 eo
1720 1147 1967 1203 venerant,

492 1230 667 1294 positis
709 1230 960 1277 confestim
1001 1230 1175 1278 castris
1202 1227 1388 1292 aliquot
1414 1229 1600 1278 selecta
1627 1227 1838 1291 equitum
1860 1227 1962 1276 mil-

487 1314 555 1361 lia
607 1313 756 1362 duces
795 1313 1013 1372 emisere,
1055 1313 1135 1375 qui
1172 1317 1448 1362 nostrorum
1487 1312 1687 1374 animos,
1725 1311 1963 1375 situmque

486 1402 755 1446 castrorum
795 1397 1120 1461 explorarent.
1165 1396 1247 1445 Illi
1283 1397 1512 1446 mandata
1550 1396 1719 1446 ducum
1758 1395 1960 1453 executi,

482 1486 646 1530 castra
672 1485 945 1529 nostrorum
971 1481 1204 1529 intantum
1232 1480 1511 1544 aggeribus,
1534 1480 1765 1543 fossaque
1779 1479 1961 1528 munita

481 1570 830 1630 compererunt,
858 1570 908 1613 ut
935 1565 1192 1613 maximum
1219 1570 1540 1628 quantumque
1578 1564 1807 1629 impetum
1838 1564 1957 1613 tole-

482 1654 650 1699 ratura
690 1649 977 1697 viderentur.
1018 1648 1537 1713 Appropinquantibus
1578 1647 1814 1697 Barbaris
1846 1650 1954 1713 pari

481 1748 678 1781 numero
706 1737 981 1781 nostrorum
1009 1732 1195 1794 equites
1235 1737 1558 1792 occurrerunt,
1600 1746 1800 1794 eumque
1827 1731 1952 1780 diem

477 1816 668 1865 levibus
694 1816 916 1878 utrinque
955 1815 1318 1864 velitationibus
1357 1820 1656 1877 transegere.
1706 1802 1950 1864 Postridie

475 1916 658 1950 summo
685 1901 892 1950 diluculo
917 1900 1128 1949 Barbari
1153 1915 1322 1950 rursus
1349 1916 1522 1963 magno
1549 1915 1749 1949 numero
1777 1899 1950 1950 castris

475 1990 738 2048 erumpunt,
765 1990 816 2032 ut
843 1989 1031 2045 stagna,
1072 1984 1245 2047 quibus
1279 1989 1443 2032 castra
1468 1987 1744 2032 nostrorum
1768 1982 1948 2047 munie-

472 2073 661 2129 bantur⁷
688 2070 1012 2133 explorarent.
1051 2068 1166 2116 Mox
1206 2084 1264 2117 ea
1289 2084 1342 2117 re
1367 2068 1587 2132 perfecta
1613 2067 1842 2117 excubias
1866 2080 1948 2115 no-

473 2160 698 2212 strorum,
727 2167 849 2216 quae
873 2168 962 2216 pro
990 2152 1167 2200 castris
1196 2158 1347 2213 erant,
1373 2152 1606 2203 invadere
1632 2157 1861 2202 statuunt.
1888 2151 1948 2201 Id

470 2254 529 2286 ne
562 2238 713 2295 fieret,
753 2236 1075 2284 Mansfeldius
1115 2237 1276 2284 missis
1318 2237 1568 2285 confestim
1606 2236 1791 2285 duobus
1816 2226 1945 2298 equi-

453 2327 566 2370 tum
582 2321 811 2379 millibus,
839 2320 1089 2368 Barbaros
1114 2320 1164 2367 in
1190 2321 1355 2382 fugam
1380 2320 1539 2381 vertit,
1567 2319 1676 2368 etin
1690 2325 1854 2368 castra
1868 2334 1945 2368 us-

427 2414 434 2422 *
469 2420 562 2469 que
600 2405 848 2468 fugientes
886 2403 1059 2451 caedit.
1095 2404 1172 2451 Ea
1208 2420 1261 2452 re
1289 2404 1464 2452 Turcis
1503 2408 1666 2452 tantus
1692 2404 1942 2453 confestim

466 2494 623 2539 metus
647 2488 863 2548 incessit,
883 2493 934 2536 ut
961 2488 1175 2537 collectis
1202 2488 1395 2551 plurimi
1419 2486 1749 2536 tabernaculis
1775 2486 1940 2548 fugam

467 2573 683 2636 arripere
730 2558 889 2620 conati
927 2571 1037 2621 sint.
1075 2571 1503 2620 Verumenimvero
1540 2569 1802 2634 resumptis
1839 2583 1942 2617 rur-

466 2646 569 2706 sum
594 2655 780 2715 animis‚
809 2656 1011 2703 alteram
1039 2659 1306 2702 castrorum
1332 2659 1520 2717 partem
1546 2655 1728 2703 maiore
1741 2648 1938 2701 numero

467 2737 673 2805 aggredi
712 2744 1000 2799 statuerunt⁷
1034 2744 1080 2788 et
1118 2739 1180 2787 ad
1215 2739 1371 2802 ripam
1410 2754 1563 2802 usque
1590 2726 1804 2787 Danubii
1828 2751 1937 2801 pro-

465 2824 732 2874 cesserunt.
776 2822 873 2872 Sed
910 2822 1229 2872 Mansfeldius
1273 2822 1368 2870 tria
1404 2837 1574 2871 rursus
1600 2822 1809 2886 equitum
1836 2821 1937 2869 mil-

462 2910 528 2958 lia
554 2910 651 2957 illis
678 2923 930 2957 occurrere
955 2907 1108 2966 iussit,
1148 2922 1205 2955 eo
1246 2907 1432 2967 effectu,
1472 2911 1523 2954 ut
1558 2905 1733 2969 partim
1760 2905 1933 2965 caesiS‚

461 2993 638 3056 partim
666 2992 821 3056 captis
849 2991 1189 3056 complui·ibUS‚
1217 2990 1452 3053 reliquam
1473 2990 1799 3039 Barbarorum
1822 3004 1933 3052 par-
