2112 3288
591 184 655 217 nn
680 183 788 217 nnn.
814 181 927 216 vno.
954 182 1063 217 nnc,
1090 183 1133 216 x.
1162 182 1206 216 L.
1232 182 1300 215 111.
1545 216 1553 220 .
1642 171 1705 221 61
1737 231 1741 235 Ι

210 304 357 353 finem
380 303 528 353 rebus
552 300 737 350 nostris
776 299 1006 364 imponat.
1058 298 1247 348 Indicio
1286 298 1336 347 id
1373 314 1566 363 quoque
1617 306 1708 360 est,

215 386 508 438 Markhazio
523 400 624 448 ,non
641 384 739 434 alio
753 382 850 432 fine
879 383 1252 442 Praefecturam
1267 382 1565 447 Lippensem
1580 399 1705 432 com-

212 458 428 532 missam,
455 485 614 534 quam,
641 473 695 518 ut
719 484 781 517 ex
806 468 1047 532 proximO,
1086 472 1136 516 et
1169 466 1375 515 consilia
1418 466 1592 527 omnia,
1633 483 1710 516 ac—

172 603 182 616 „
209 556 466 619 tionesque
490 559 691 605 nostras
718 552 1022 618 speculandi,
1049 556 1099 601 et
1137 567 1243 601 cum
1280 556 1472 615 tempus
1510 550 1710 600 tandem

208 639 372 706 ipsum
395 639 695 699 admoneret,
721 638 920 687 infestis
947 637 1095 686 etiam
1122 636 1273 685 armis
1289 635 1710 699 Transylvaniam

212 723 494 787 invadendi,
522 723 758 772 maiorem
782 721 1199 787 opportunitatem
1214 719 1434 769 haberet.
1445 719 1557 768 Hoc
1582 719 1712 769 scili-

217 813 295 859 cet
318 809 443 859 illud
467 814 559 870 est,
588 808 719 872 quod
744 807 982 870 audimus,
1023 805 1275 866 Sinanum‚
1321 820 1429 854 cum
1467 805 1711 854 discessu-

212 909 300 944 rus
323 893 375 943 in
399 888 596 954 bellum,
623 892 684 941 de
709 906 844 940 more
859 889 1068 940 Caesari
1081 889 1396 952 valediceret,
1420 890 1549 939 hunc
1562 890 1710 939 etiam

209 978 572 1039 Markhazium,
608 977 691 1042 qui
716 976 845 1041 apud
873 991 961 1026 eos
986 974 1235 1025 Ibraimus
1274 979 1363 1038 est,
1414 990 1511 1024 una
1546 990 1711 1024 secum

208 1063 260 1112 in
287 1067 604 1129 conspectum
630 1059 869 1111 Caesaris
895 1060 1206 1126 produxisse,
1259 1058 1499 1122 nimirum,
1549 1066 1602 1110 ut
1628 1059 1711 1124 qui

211 1151 401 1197 tantum
427 1147 488 1204 de
514 1162 570 1196 se
596 1143 808 1195 Caesari
831 1144 1167 1210 polliceretur,
1209 1148 1262 1193 ut
1301 1144 1351 1193 in
1397 1144 1708 1207 subiuganda

210 1230 596 1297 Transylvania,
624 1245 814 1280 omnem
835 1229 1001 1278 statim
1029 1228 1304 1292 opinionem
1331 1233 1466 1278 esset
1507 1243 1709 1294 supera-

208 1320 364 1378 turus,
390 1329 490 1365 non
515 1319 706 1364 tantum
730 1313 937 1375 nomine,
965 1313 1054 1362 sed
1081 1329 1143 1362 ex
1167 1314 1296 1363 facie
1323 1313 1471 1363 etiam
1495 1317 1640 1363 notus
1662 1313 1708 1362 ei

210 1401 261 1450 in
286 1405 540 1464 posterum
567 1404 716 1448 esset.
766 1398 875 1459 Quo
914 1404 1136 1464 tempore
1175 1399 1225 1447 id
1250 1399 1398 1449 etiam
1423 1398 1589 1462 palam
1617 1404 1707 1460 est,

213 1485 400 1536 Sinano
425 1485 492 1535 ad
517 1482 788 1534 Caesarem
817 1483 1127 1547 ingredienti,
1169 1484 1513 1550 spectantibus
1553 1484 1604 1532 id
1638 1484 1709 1549 ip-

215 1587 322 1622 sum
359 1570 544 1620 nostris
584 1584 777 1634 quoque
804 1569 1040 1633 Legatis,
1065 1570 1361 1640 ‘Ibraimum
1400 1570 1587 1634 scripta
1618 1584 1710 1618 sua

206 1656 259 1706 in
282 1670 458 1706 manus
483 1653 776 1715 tradidisse,
828 1655 879 1703 in
919 1654 1099 1722 quibus
1143 1655 1277 1705 haud
1310 1655 1457 1705 dubie
1484 1671 1545 1704 ea
1570 1661 1711 1705 erant

210 1745 461 1803 annotata,
513 1755 639 1804 quae
665 1738 751 1789 ille
780 1739 840 1790 de
868 1740 1244 1806 Transylvania
1275 1740 1628 1806 praestiturum
1654 1756 1710 1789 se

207 1825 520 1892 promiserat,
547 1829 602 1874 ut
627 1823 865 1874 Caesaris
899 1840 1113 1875 assensu
1151 1816 1487 1891 comprobata,
1528 1826 1625 1874 vim
1663 1826 1710 1874 ei
1777 1860 1785 1868 .

215 1911 280 1962 ad
302 1905 610 1977 patrandum,
637 1914 785 1974 atque
823 1909 1082 1960 audaciam
1119 1909 1371 1960 adderent.
1421 1910 1553 1960 Illud
1590 1926 1710 1960 vero

215 1996 428 2048 maxime
453 1994 665 2045 omnium
690 1995 755 2044 ab
780 1994 1040 2055 universiS,
1082 2000 1131 2044 et
1164 1995 1375 2059 singulis
1413 2010 1526 2050 esse
1552 1995 1710 2044 consi-

219 2081 499 2140 derandum,
557 2078 732 2143 quodsi
758 2095 885 2130 nunc
924 2078 1290 2144 Transylvani‚
1331 2079 1542 2129 desertis
1569 2077 1710 2129 Chri-
1759 2067 1765 2071 ⁵

203 2165 407 2229 stianis,
434 2163 614 2213 Tureis
639 2163 959 2226 adhaereant,
997 2163 1265 2213 verendum
1302 2163 1542 2229 imprimis
1581 2179 1709 2225 esse,

213 2267 276 2303 ne
290 2255 353 2301 et
376 2266 409 2300 a
432 2248 611 2298 ceteris
638 2245 911 2299 Christiani
923 2248 1139 2300 foederis
1160 2248 1465 2313 proceribus,
1492 2264 1581 2299 seu
1606 2250 1708 2299 vin-

215 2341 343 2398 cant,
393 2349 483 2384 seu
520 2333 795 2396 vincantur,
835 2339 884 2383 et
919 2333 1216 2399 praesertim
1254 2334 1318 2383 ab
1347 2333 1711 2384 Archiducibus

218 2419 466 2481 Austriae,
517 2434 642 2484 quos
680 2418 1021 2483 superioribus
1061 2417 1367 2484 temporibus
1405 2423 1480 2469 tot
1505 2418 1711 2480 iniuriis,

218 2523 251 2556 a
271 2505 511 2555 Barbaris
535 2505 660 2570 ipsis
684 2504 935 2569 instigati,
977 2504 1285 2567 affecissent,
1326 2504 1522 2554 infestis
1561 2505 1712 2553 armis

217 2591 463 2654 petantur,
488 2605 580 2639 nec
605 2591 669 2640 ab
693 2589 1095 2654 iiS,quantumvis
1120 2590 1171 2639 in
1197 2595 1417 2640 extremo
1433 2590 1713 2639 discrimine

217 2673 380 2741 positi,
403 2673 520 2722 ullis
546 2673 784 2724 subsidiis
810 2675 1108 2725 releventur.
1123 2674 1263 2735 Quae
1291 2674 1466 2737 omnia,
1494 2679 1543 2723 et
1562 2675 1714 2723 multa

218 2758 332 2820 alia,
358 2756 408 2806 in
446 2756 623 2821 quibus
656 2759 999 2822 recensendis,
1052 2775 1159 2810 cum
1196 2764 1315 2809 nota
1339 2759 1439 2808 sint
1476 2758 1714 2819 omnibus,

216 2848 408 2908 tempus
433 2841 687 2892 terendum
700 2843 888 2894 frustra
914 2857 1014 2894 non
1040 2850 1131 2905 est,
1159 2859 1217 2893 eo
1243 2858 1335 2892 nos
1367 2842 1625 2902 adducunt,
1663 2847 1716 2891 ut

219 2928 489 2987 credamus,
517 2925 695 2976 'Furcis
721 2928 937 2993 istiS,qui
955 2928 1268 2978 Christianos
1284 2942 1452 2976 omnes
1468 2927 1712 2976 extinctos

219 3012 431 3078 cupiunt,
459 3025 555 3075 quo
581 3011 738 3061 minus
777 3013 1016 3064 hactenus
1056 3014 1253 3078 impiam
1295 3013 1420 3062 hanc
1461 3028 1627 3062 eorum
1664 3013 1714 3061 iu
