2112 3288
538 189 603 221 DE
628 187 735 220 ΗΕΒ.
762 186 874 219 VNG.
911 185 1019 218 Duc,
1042 186 1091 219 x.
1118 186 1162 217 12.
1193 186 1255 217 lx.
1517 201 1525 204 -
1569 170 1669 219 217
1710 214 1713 219 ,

184 322 292 357 eum
317 320 458 370 quem
473 303 682 353 diximus
709 302 928 352 ordinem
955 301 1173 362 aciebus,
1199 306 1367 350 castra
1386 302 1503 351 forti
1518 304 1674 351 excel-

183 389 523 455 soque-animo
560 387 747 437 moveri
771 386 929 447 iussit,
969 390 1019 435 et
1043 390 1181 434 recta
1206 386 1257 434 in
1281 385 1472 435 hostem
1499 386 1676 436 ducere

182 455 375 525 statuit.
400 471 616 522 Proinde
643 471 833 522 modico
860 471 1035 520 itinere
1061 470 1352 535 procedens,
1379 471 1550 519 alteris
1577 485 1682 520 cas-

179 557 291 617 tris>
318 556 369 606 in
395 555 639 621 quandam
675 555 930 621 planitiem
969 554 1216 620 pervenit,
1257 569 1382 619 quae
1408 553 1540 603 mille
1564 569 1677 619 pas-

180 640 320 691 sibus
357 641 421 690 ab
459 640 640 706 oppido
670 634 973 704 Tergovisto
1019 639 1253 701 distabat,
1304 653 1362 688 eo
1403 637 1576 700 anim0,
1626 643 1680 687 ut

178 725 420 792 postridie
446 741 552 776 cum
579 724 776 786 Sinano,
804 725 887 790 qui
912 725 976 774 ad
1003 723 1373 789 Tergovistiam
1405 727 1570 773 castra
1593 723 1680 772 ha*

179 811 345 872 bebat,
371 825 543 860 manus
571 816 868 860 consereret.
893 810 1080 860 Positis
1105 810 1155 858 in
1182 825 1242 859 ea
1254 807 1461 875 planitie
1484 807 1677 870 castris,

181 910 288 946 cum
324 893 505 944 milites
544 895 846 964 commeatui,
898 900 947 944 et
986 894 1137 959 quieti
1174 892 1348 943 intenti
1374 897 1558 954 essent,
1607 897 1678 942 tu-

180 981 333 1030 multu
360 979 421 1030 de
445 985 650 1046 repente
675 981 725 1030 in
753 981 932 1030 castris
959 980 1190 1042 excitato,
1231 995 1290 1029 ac
1317 978 1541 1028 omnibus
1567 977 1678 1028 hos*-

179 1070 279 1114 tem
303 1065 482 1115 adesse
521 1065 822 1130 putantibus,
864 1065 927 1115 ad
965 1081 1105 1115 arma
1143 1063 1490 1124 conclamatur,
1530 1066 1674 1112 tanta

182 1149 392 1200 omnium
418 1150 805 1216 perturbatione,
844 1155 896 1200 ut
932 1150 982 1199 in
1008 1150 1205 1200 ordines
1249 1149 1362 1214 cogi
1398 1147 1680 1213 neutiquam

179 1239 399 1300 possent,
428 1235 518 1285 sed
531 1235 703 1301 paucis
720 1235 782 1284 ad
799 1235 946 1299 signa
963 1233 1366 1286 convenientibus
1379 1233 1557 1298 reliqui
1570 1247 1683 1298 pas-

181 1319 273 1368 sim
310 1318 666 1383 discurrerent3
718 1324 1111 1385 testamentaque
1150 1320 1300 1384 vulgo
1338 1319 1457 1370 totis
1500 1317 1678 1368 castris

179 1404 415 1454 facerent.
454 1404 694 1469 Princeps
736 1406 935 1470 cognita
971 1405 1182 1456 rumoris
1208 1404 1444 1466 vanitate,
1483 1402 1679 1469 publico

182 1489 440 1539 confestim
466 1489 624 1540 edicto
652 1489 901 1540 silentium
924 1490 1147 1555 imperat,
1184 1494 1233 1539 et
1259 1490 1341 1554 qui
1367 1504 1513 1539 secus
1549 1489 1677 1538 fece-

179 1573 257 1631 rit,
286 1573 444 1624 crucis
468 1590 681 1640 poenam
708 1575 754 1623 ei
778 1574 1051 1624 denunciat.
1078 1574 1236 1624 Fama
1266 1578 1357 1635 est,
1387 1571 1625 1624 Sinanum
1650 1589 1678 1623 e

112 1671 115 1674 ’
179 1663 342 1718 monte
351 1664 632 1724 praeruptO,
660 1659 742 1724 qui
757 1675 915 1724 aequo
932 1660 1037 1709 fere
1054 1659 1215 1723 spatio
1244 1660 1308 1709 ab
1322 1659 1544 1723 utrisque
1571 1674 1677 1709 cas-

178 1743 275 1793 tris
285 1744 473 1807 aberat,
489 1745 658 1810 copias
674 1744 923 1810 Principis
939 1745 1242 1808 speculatum
1255 1744 1426 1807 fuisse,
1453 1760 1513 1794 ac
1526 1760 1676 1810 appa-

179 1833 291 1879 ratu
329 1828 435 1878 eius
469 1829 704 1891 territum,
749 1830 1008 1879 consilium
1034 1830 1185 1893 fugae
1219 1829 1475 1880 confestim
1517 1825 1679 1878 susce-

181 1912 334 1978 pisse.
358 1913 418 1964 ld
443 1928 562 1963 vero
589 1914 696 1964 sive
725 1928 890 1964 coram
919 1914 1112 1977 viderit,
1152 1915 1259 1964 sive
1283 1930 1374 1980 per
1400 1914 1677 1979 explorato-

182 2013 264 2047 res
291 1997 606 2061 cognoverit;
638 2002 773 2048 certe
800 1999 1080 2059 exterritus,
1109 2004 1158 2048 et
1183 1998 1390 2048 audacia
1411 2013 1502 2047 sua
1526 1998 1675 2047 frust-

182 2086 334 2143 ratus,
372 2097 495 2132 vasa
516 2083 779 2131 confestim
820 2083 1001 2147 colligi,
1043 2088 1093 2133 et
1133 2083 1357 2133 accensis
1383 2083 1434 2131 in
1460 2082 1675 2147 speciem

183 2166 348 2219 multis
362 2167 577 2231 ignibus,
605 2173 740 2218 retro
757 2168 914 2232 signa,
940 2169 1116 2219 itinere
1137 2170 1287 2233 fugae
1314 2168 1575 2230 simillimo,
1602 2183 1677 2217 re-

181 2251 302 2301 ferri
338 2251 497 2302 iussit.
535 2251 776 2318 Princeps
807 2254 1007 2317 cognita
1044 2253 1410 2319 propinquitate
1447 2253 1676 2313 hostium,

181 2351 287 2386 cum
313 2336 524 2386 nondum
553 2351 638 2386 eos
681 2338 869 2387 abiisse
907 2343 1040 2388 certo
1068 2338 1233 2400 sciret,
1267 2338 1357 2388 sed
1382 2336 1554 2388 Sinani
1578 2354 1675 2388 non

181 2435 328 2471 secus
356 2436 416 2470 ac
428 2420 636 2472 Troiani
661 2422 796 2472 illius
812 2421 1010 2473 Sinonis
1035 2423 1233 2473 fraudes
1258 2428 1510 2484 metueret,
1538 2427 1676 2472 ratus

179 2506 278 2555 iam
297 2506 551 2557 Barbaros
578 2523 685 2557 cum
702 2509 932 2557 universo
960 2509 1178 2559 exercitu
1204 2510 1456 2568 affuturos,
1483 2508 1564 2557 vel
1589 2508 1675 2557 ali·

182 2605 306 2654 quas
343 2595 476 2640 certe
501 2589 798 2642 Christianis
836 2594 1043 2644 insidias
1082 2594 1435 2644 instructuros:
1486 2593 1675 2658 praeci-

181 2689 304 2739 puos
331 2689 551 2739 quosque
591 2676 739 2727 duces
766 2677 898 2727 acies
924 2694 1117 2743 parare,
1158 2683 1207 2728 et
1230 2678 1279 2727 in
1306 2678 1409 2727 suis
1436 2691 1674 2741 quemque

182 2757 306 2808 locis
332 2758 551 2808 ordinem
579 2760 841 2825 disponere
866 2762 1013 2812 iubet.
1055 2763 1245 2824 Quibus
1282 2763 1429 2811 rebus
1460 2761 1554 2810 rite
1579 2760 1674 2810 dis-

181 2841 371 2908 positis,
398 2846 448 2891 et
474 2843 538 2892 ad
563 2859 729 2894 omnes
757 2846 1010 2897 conflictus
1036 2848 1185 2898 futuri
1212 2851 1415 2896 eventus
1443 2845 1671 2896 constitu-

180 2928 259 2988 tis,
295 2927 503 2992 ipsemet
540 2928 684 2978 etiam
711 2929 961 2996 Princeps,
1001 2933 1125 2982 mira
1163 2937 1296 2981 certe
1335 2931 1482 2981 animi
1520 2946 1671 2995 supra

183 3017 391 3062 aetatem
417 3028 675 3079 rerumque
690 3017 1042 3080 experientiam
1067 3016 1364 3078 fortitudine,
1384 3020 1536 3067 totam
1562 3030 1669 3065 eam
