2112 3288
850 155 901 199 1338
925 156 1111 199 mmmm.
1499 199 1507 202 ,
1603 161 1750 213 XLIX

248 279 376 330 hunc
425 294 616 329 sacrum
667 278 894 328 Iustitiae
956 279 1134 328 librum
1197 280 1551 341 benignissimo
1603 282 1751 341 vultu,

247 363 508 429 magnique
557 363 690 412 illius
742 356 1039 412 Artaxerxis
1091 362 1368 428 exemplum
1419 363 1626 413 imitare.
1691 365 1754 414 Ei

247 447 445 499 enimin
470 448 552 497 via
577 447 882 512 obequitanti
909 463 1014 496 cum
1030 463 1218 512 pauper
1248 447 1444 511 quidam
1471 446 1593 497 nihil
1619 449 1754 498 aliud

247 534 434 584 habens
473 532 715 582 ambabus
755 548 934 598 aquam
974 533 1198 582 manibus
1239 549 1266 582 e
1304 532 1529 597 proximo
1555 531 1753 582 flumine

247 617 473 668 haustam
521 616 795 677 obtulisset,
849 616 1056 667 iucunde
1096 633 1206 666 eam
1246 616 1480 682 suscepit,
1531 631 1628 666 non
1665 617 1753 676 rei,

247 718 373 769 quae
397 702 690 764 donabatur,
728 700 956 763 utilitate,
1000 702 1090 752 sed
1129 707 1358 767 prompta
1386 702 1506 764 eius,
1545 701 1631 766 qui
1659 703 1755 751 lar-

247 788 488 852 giebatur,
515 789 785 847 voluntate,
826 787 1041 852 gratiam
1080 787 1296 837 meritus.
1347 786 1485 836 Deus
1527 785 1756 852 Optimus

246 871 492 923 Maximus
517 877 633 922 tuae
661 872 970 922 celsitudinis
999 872 1220 931 salutem,
1262 871 1427 933 vitam,
1454 871 1756 921 incolumita-

244 961 356 1018 tem,
404 956 621 1008 honores
671 974 730 1007 ac
767 957 980 1023 populos
1031 956 1307 1007 diutissime
1359 972 1418 1007 ac
1467 955 1756 1006 felicissime

245 1047 518 1102 conservet,
558 1042 786 1107 omnique
830 1042 1224 1092 benedictionum
1264 1057 1448 1106 genere
1488 1042 1539 1090 in
1579 1041 1685 1091 dies
1730 1057 1757 1091 e

244 1127 398 1177 coelis
425 1118 630 1177 exornet
656 1128 1056 1178 cumulatissime.
1088 1128 1273 1177 Datum
1301 1125 1616 1192 Claudiopoli
1643 1126 1756 1176 XV.

245 1211 424 1263 Octob.
467 1228 562 1277 quo
591 1212 669 1262 die
709 1213 822 1263 anni
880 1215 1013 1262 1529
1068 1212 1398 1277 Solymannus
1449 1211 1757 1261 obsidionem

244 1298 470 1348 Viennae
485 1298 702 1347 deseruit
717 1297 859 1347 Anno
876 1299 1051 1348 salutis
1067 1296 1383 1347 Christianae
1398 1298 1481 1346 clo
1497 1298 1550 1346 Io
1566 1294 1756 1346 XCIII.

247 1381 406 1432 Illust.
436 1379 674 1433 Gelsitud.
704 1383 919 1433 Vestrae
946 1382 1420 1447 obsequentissimus
1448 1388 1496 1432 et
1522 1382 1751 1432 addictis-

251 1462 402 1516 simus

1201 1589 1203 1593 Α
1235 1541 1452 1589 Ioannes
1481 1539 1683 1589 Decius.

948 1852 1038 1902 IV.

506 1980 832 2024 PRAEFATIO
869 1981 929 2024 IN
965 1981 1280 2025 SYNTAGMA
1314 1983 1480 2026 IVRIS.

437 2116 644 2166 Ioannes
670 2117 852 2166 Decius
889 2117 1087 2182 benigno
1124 2117 1314 2167 Lectori
1353 2115 1400 2167 S.
1427 2118 1483 2167 P.
1510 2119 1573 2167 D.

385 2213 751 2281 Saepenumero
791 2215 1032 2278 cogitanti
1071 2215 1202 2276 mihi,
1245 2215 1451 2265 candide
1485 2216 1654 2278 lector,
1695 2234 1754 2267 ac

239 2301 444 2352 intuenti
470 2301 521 2351 in
545 2306 743 2351 nostros
760 2299 985 2350 homines
1014 2300 1214 2350 summis
1241 2300 1454 2364 ingeniis
1470 2302 1750 2365 praeditos:

241 2386 564 2437 admiratione
592 2386 743 2450 digna
781 2401 861 2435 res
890 2386 1001 2435 visa
1047 2391 1136 2447 est,
1179 2385 1295 2450 quid
1323 2401 1504 2436 causae
1532 2387 1611 2450 sit,
1651 2403 1736 2437 cur

241 2487 347 2521 cum
371 2472 423 2520 in
450 2471 563 2520 aliis
591 2471 815 2521 omnibus
842 2470 1062 2520 scientiis
1102 2486 1161 2519 ac
1188 2471 1392 2531 artibus,
1421 2487 1565 2535 quam
1591 2472 1740 2537 pluri-

242 2554 320 2615 mi,
347 2555 428 2620 qui
454 2557 771 2615 excellerent,
801 2556 1097 2616 exstiterint,
1132 2555 1255 2605 duas
1282 2556 1492 2605 maxime
1519 2570 1746 2606 necessa-

241 2639 344 2688 rias
379 2639 802 2705 Iurisprudentiae
830 2655 889 2689 ac
928 2639 1184 2689 Historiae
1232 2641 1497 2690 facultates
1524 2647 1751 2705 tantope-

242 2739 296 2772 re
323 2723 644 2786 neglexerint.
684 2725 809 2774 Nam
839 2740 1127 2789 quocunque
1161 2730 1210 2774 te
1238 2726 1398 2775 animo
1427 2724 1752 2788 cogitatione·

242 2824 335 2873 que
363 2810 691 2858 converteris:
719 2810 989 2875 permultos
1004 2815 1286 2860 nostrorum
1312 2810 1561 2858 hominum
1587 2809 1750 2859 excel-

242 2894 402 2943 lentes
428 2893 475 2942 in
503 2893 724 2959 quolibet
762 2910 945 2958 genere
974 2911 1071 2945 non
1100 2895 1258 2944 dicam
1288 2893 1616 2952 mediocrium,
1657 2895 1746 2945 sed

241 2979 390 3029 etiam
429 2977 748 3027 maximarum
785 2980 961 3029 artium
987 2980 1215 3030 floruisse
1250 2978 1626 3028 animadvertes.
1687 2980 1754 3029 Vt

303 3105 438 3128 MONUM.
464 3105 572 3128 HUNG.
597 3105 688 3128 HIST.
713 3113 769 3118 —-
794 3107 1015 3130 SCRIPTOBES.
1038 3108 1123 3131 xv11.
1579 3089 1607 3129 d
