2112 3288
433 155 501 205 30
784 179 799 185 ›
949 167 1012 202 10.
1042 167 1175 203 onon
1200 169 1395 204 BARovn

428 288 477 336 id
503 300 587 337 eos
613 302 702 353 pro
728 300 876 337 causa
901 285 1064 335 statim
1104 301 1187 336 cur
1214 302 1243 337 a
1267 286 1425 352 pactis
1462 287 1709 350 resiliant,
1737 303 1903 353 arrep-

426 376 574 421 turos.
614 372 796 422 Verum
833 386 863 418 a
898 368 1281 433 provectioribus
1315 375 1488 431 aetate,
1526 385 1715 435 usuque
1740 385 1900 422 rerum

429 455 865 514 exercitatioribus,
881 452 1266 502 animadversum
1278 458 1453 518 postea
1476 455 1579 517 fuit,
1605 460 1654 504 et
1679 471 1750 516 ea,
1777 470 1901 519 quae

427 539 477 588 in
500 539 656 589 literis
683 536 916 588 Caesaris
944 541 1122 598 essent,
1148 542 1197 585 et
1222 538 1368 586 multo
1393 538 1565 601 magis,
1592 553 1717 602 quae
1742 535 1900 588 Chau-

427 623 530 675 sius
557 639 618 673 ex
643 622 824 687 scripto
850 620 1119 682 recitasset,
1145 620 1398 684 ipsiusmet
1422 620 1729 684 Mahometis,
1756 626 1805 670 et
1829 620 1898 670 al-

389 714 392 718 '
424 706 576 756 terius
601 706 838 772 perfugae
863 704 1086 765 Ibraimi,
1124 703 1374 767 utriusque
1398 704 1497 753 iam
1531 699 1719 770 pridem
1757 704 1899 757 iurati

383 806 390 815 ·
426 804 621 839 suorum
644 788 799 851 hostis
825 787 1082 847 instinctu,
1115 791 1164 836 et
1188 787 1503 849 suggestione
1529 788 1710 838 dictata
1733 787 1900 847 fuisse,

425 873 630 937 ideoque
657 872 805 938 spatii
829 886 940 920 esse
965 870 1147 934 aliquid
1165 870 1578 935 interponendum,
1604 886 1698 936 quo
1713 871 1897 927 melius„

428 957 543 1020 quid
567 957 697 1006 facto
724 970 844 1020 opus
872 959 1018 1015 esset,
1044 954 1257 1018 perspici
1281 955 1496 1017 tandem,
1518 955 1767 1019 statuique
1785 969 1897 1019 pos-

425 1043 516 1099 set.
555 1039 683 1087 Esse
722 1038 872 1098 enim,
910 1036 1128 1097 aiebant,
1171 1036 1222 1085 in
1261 1037 1374 1086 aula
1411 1036 1642 1091 Caesaris
1679 1038 1898 1102 Legatos

424 1122 665 1187 Principis
691 1121 825 1171 viros
850 1119 1140 1179 industrios,
1184 1118 1265 1182 qui
1289 1118 1420 1169 haud
1446 1120 1589 1171 dubie
1627 1136 1812 1173 summa
1849 1119 1898 1168 vi

423 1206 784 1266 annitterentur,
798 1208 851 1253 ut
865 1209 925 1265 et,
941 1218 1064 1267 quae
1077 1202 1147 1251 ibi
1160 1207 1436 1265 agerentur,
1463 1210 1512 1254 et
1525 1211 1708 1268 quanta
1731 1204 1896 1256 Chau—

422 1289 495 1338 sio
533 1289 654 1338 fides
691 1287 917 1339 habenda
956 1291 1109 1347 esset,
1146 1286 1286 1335 brevi
1319 1302 1407 1351 per
1445 1288 1616 1339 literas
1653 1290 1897 1354 significa-

420 1379 541 1423 rent.
571 1371 835 1422 Chausium
862 1375 1021 1420 autem
1047 1369 1184 1419 abuti
1197 1384 1286 1420 suo
1311 1386 1521 1434 munere,
1546 1373 1702 1423 velex
1727 1388 1785 1424 eo
1810 1389 1896 1438 pa-

417 1463 535 1519 tere,
562 1457 690 1522 quod
715 1456 864 1506 moris
890 1470 986 1504 non
1012 1459 1144 1504 esset
1169 1451 1425 1518 Caesaris,
1458 1454 1615 1506 literis
1641 1451 1898 1522 quicquam

421 1542 615 1604 addere,
642 1557 749 1591 cum
772 1539 887 1600 illis,
915 1538 996 1602 qui
1008 1538 1078 1587 ita
1103 1537 1420 1600 mitterentur,
1434 1538 1485 1587 id
1509 1544 1695 1591 tantum
1719 1541 1895 1592 incum-

418 1627 568 1688 beret,
594 1631 646 1676 ut
669 1624 962 1674 tabelliones
987 1622 1238 1670 literarum
1273 1637 1368 1670 non
1395 1623 1688 1688 interpretes
1715 1633 1892 1678 essent.

420 1711 576 1771 Quam
601 1726 703 1760 rem
727 1710 797 1759 ita
810 1724 864 1758 se
889 1707 1087 1768 habere,
1107 1706 1362 1771 ipsiusmet
1380 1714 1553 1772 postea
1568 1707 1770 1763 Chausii
1784 1727 1893 1761 con-

415 1795 630 1844 fessione
656 1792 900 1856 cognitum
930 1790 1044 1851 fuit,
1072 1789 1148 1839 cui
1173 1805 1278 1839 cum
1302 1789 1563 1841 indicatum
1590 1799 1748 1856 esset,
1775 1810 1893 1858 quo-

417 1879 556 1928 modo
599 1893 652 1927 se
681 1877 945 1942 gessisset,
984 1880 1032 1924 et
1058 1889 1182 1938 quae
1220 1874 1354 1924 illum
1391 1892 1549 1940 poena
1582 1883 1823 1945 maneret,
1850 1879 1894 1928 si

417 1962 601 2027 scripta
624 1961 781 2026 ipsius
805 1961 855 2008 in
880 1973 1049 2008 manus
1089 1956 1321 2008 Caesaris
1361 1975 1466 2009 cum
1504 1962 1892 2025 expostulatione

415 2046 657 2111 Principis
690 2043 1002 2109 pervenirent
1028 2061 1038 2090 z
1075 2042 1147 2091 ire
1172 2041 1362 2093 inficias
1389 2059 1483 2093 non
1507 2045 1687 2109 potuit,
1725 2046 1892 2111 insipi-

416 2136 552 2180 enter
579 2146 632 2179 se
663 2130 872 2189 fecisse,
913 2126 1041 2191 quod
1067 2143 1150 2188 ea,
1190 2143 1315 2191 quae
1351 2128 1401 2176 in
1438 2134 1609 2179 senatu
1646 2129 1889 2195 Principis

412 2215 694 2275 recitasset,
731 2213 912 2277 scripto
952 2211 1097 2260 etiam
1135 2226 1255 2273 suc,
1302 2212 1430 2274 quod
1466 2212 1560 2262 iam
1598 2214 1692 2263 sibi
1730 2214 1889 2264 fraudi

413 2307 525 2347 esse
550 2298 749 2358 videret,
773 2295 1087 2360 publicasset.
1761 2295 1765 2298 ’

884 2556 1113 2608 CAPVT
1153 2555 1298 2606 NON
1303 2556 1415 2607 VM.

413 2682 489 2730 De
519 2679 704 2747 Georqii
741 2679 978 2728 Ravazdii
1002 2679 1152 2728 literis
1190 2678 1256 2727 ad
1282 2655 1562 2742 Principem
1599 2686 1643 2726 et
1666 2696 1774 2727 cum
1811 2677 1886 2729 Si-

939 2779 1062 2811 ηαηο
1089 2762 1347 2826 colloquiis.

555 2884 781 2935 Ceterum
804 2883 995 2932 minime
1023 2899 1198 2932 vanam
1237 2883 1389 2931 fuisse
1417 2898 1548 2943 eam,
1590 2882 1648 2931 de
1674 2883 1884 2945 Legato-

411 2983 515 3017 rum
544 2969 810 3032 diligentia,
838 2967 1132 3032 opinionem,
1170 2967 1378 3017 famulus
1402 2964 1606 3029 Georgii
1632 2965 1884 3027 Ravazdii,
