2112 3288
450 189 517 238 14
969 201 1033 234 1o.
1060 200 1194 235 onon
1218 200 1415 235 BARovn

443 321 553 381 sita,
594 318 862 384 cespitibus
895 318 1103 382 aliisque
1140 318 1191 366 id
1229 333 1386 382 genus
1424 320 1740 384 operimentis
1774 325 1934 370 conte-

446 405 531 468 git.
559 403 837 454 Dum'haec
871 407 1107 465 aguntur,
1146 402 1306 454 triduo
1332 403 1430 452 iam
1455 405 1653 469 elapsO,
1693 406 1757 454 ad
1794 420 1939 470 prae-

447 487 682 552 scriptum
706 485 910 536 barbari
936 491 1142 549 tempus,
1171 501 1316 549 quam
1329 487 1654 549 ornatissime,
1682 493 1731 538 et
1756 488 1942 551 magni-

446 570 761 621 ficentissime
788 570 891 619 arci
916 585 1096 631 magno
1126 585 1233 619 cum
1259 570 1466 634 gaudiO,
1500 587 1560 620 ac
1578 587 1674 636 ,spe
1698 576 1943 633 monaste-

447 655 508 704 rii
533 655 755 720 potiundi
781 653 1191 718 appropinguant.
1227 653 1417 714 Quibus
1445 654 1619 705 Abbas
1646 657 1782 717 visis,
1808 657 1944 707 iubet
1972 721 1975 723 μ

446 744 619 804 portas
646 737 819 799 attolli,
845 737 1006 800 iisque
1034 738 1330 801 quingentos
1356 756 1420 789 ex
1444 740 1695 802 barbaris,
1723 740 1805 804 qui
1829 739 1943 790 reli-

451 823 559 886 quis
584 836 793 886 genere,
832 835 891 869 ac
917 823 1092 869 ornatu
1116 827 1376 885 praestare
1407 824 1724 885 videbantur,
1762 822 1945 889 triplici

450 905 646 967 agmine
672 907 883 963 servat0,
910 903 960 950 in
975 917 1138 951 arcem
1153 903 1421 954 intromitti.
1447 905 1716 969 Postquam
1730 907 1955 957 maxima·

451 1004 617 1038 eorum
642 1003 762 1053 pars
787 986 1084 1048 introiisset,
1124 986 1300 1037 Abbas
1327 989 1555 1038 claustris
1581 990 1812 1053 protinus·
1830 1005 1941 1054 por-

450 1078 609 1122 tarum
635 1071 963 1122 anterioribus
990 1070 1147 1132 simul,
1175 1077 1224 1120 et
1243 1062 1599 1137 posterioribus
1627 1073 1850 1136 dejectis,
1875 1073 1945 1121 iu-

451 1157 537 1206 bet
571 1161 814 1206 tormenta
852 1155 915 1204 ad
953 1169 1039 1203 eos
1076 1155 1175 1204 iam
1220 1160 1367 1205 antea
1403 1171 1520 1206 usus
1559 1156 1652 1205 rite
1690 1156 1945 1221 disposita,

452 1239 664 1304 explodi.
700 1238 772 1288 Iis
787 1236 1023 1286 hincinde
1048 1237 1275 1298 incensis,
1302 1238 1521 1288 nonnulli
1547 1255 1712 1289 eorum
1739 1239 1944 1288 distrac-

449 1324 511 1383 ti,
550 1322 953 1385 membratimque
981 1320 1179 1382 divulsi,
1206 1321 1416 1385 periere,
1445 1321 1531 1370 alii
1557 1322 1607 1370 in
1633 1338 1752 1372 aera
1776 1322 1827 1371 vi
1850 1327 1948 1373 tor—

453 1406 678 1457 mentarii
702 1406 921 1470 pulveris
961 1405 1155 1465 sublati,
1194 1406 1492 1466 volitavere,
1534 1422 1700 1456 omnes
1723 1407 1947 1471 *denique

453 1492 517 1542 ad
540 1491 922 1540 internecionem
948 1490 1222 1554 consumpti
1245 1491 1408 1551 fuere,
1436 1490 1610 1555 quibus
1635 1492 1783 1540 rebus
1808 1506 1949 1556 prae-

451 1581 528 1625 ter
555 1590 744 1625 omnem
771 1590 905 1638 spem
936 1573 1241 1638 conspectis,
1270 1575 1444 1635 ceteri,
1485 1576 1566 1638 qui
1594 1581 1735 1624 extra
1761 1575 1949 1624 cancel—

453 1660 531 1708 los
558 1663 808 1723 portarum
846 1661 1071 1707 eventum
1108 1658 1181 1706 rei
1206 1658 1666 1721 praestolabantur,
1704 1658 1827 1706 nihil
1853 1672 1950 1706 om-

454 1743 568 1791 nino
609 1742 856 1806 antiquius
882 1741 1124 1801 habuere,
1165 1757 1309 1805 quam
1334 1746 1387 1791 ut
1418 1742 1468 1790 in
1495 1747 1661 1791 castra
1698 1742 1762 1791 ad
1786 1741 1951 1790 Hazo—

455 1843 569 1876 num
605 1827 817 1876 Bassam
856 1824 1098 1894 concitato
1138 1840 1283 1874 cursu
1321 1827 1695 1887 contenderent,
1733 1826 1776 1875 is
1813 1830 1951 1874 tanta

457 1925 678 1971 suorum,
718 1914 767 1959 et
804 1925 864 1958 ex
901 1909 963 1957 iis
1002 1909 1435 1959 selectissimorum
1475 1892 1774 1974 quorumque
1813 1909 1952 1959 clade

459 1995 681 2058 cognita,
718 1993 1008 2044 furibundus
1045 1993 1280 2054 fremere,
1321 1999 1370 2043 et
1402 1994 1661 2047 horrendis
1697 1994 1748 2042 in
1784 2000 1953 2042 verum

459 2077 851 2128 Christianorum
876 2092 1050 2127 numen
1078 2077 1409 2138 contumeliis,
1437 2094 1496 2127 ac
1532 2075 1853 2142 blasphemiis
1886 2076 1954 2124 ef-

457 2162 596 2223 fusis,
624 2161 934 2210 iureiurando
962 2176 1016 2209 se
1043 2175 1239 2220 vovere,
1267 2165 1454 2209 tantam
1469 2175 1665 2210 suorum
1690 2158 1955 2224 perniciem

463 2245 568 2293 diro
597 2244 701 2293 eius
728 2244 857 2293 arcis
872 2243 1063 2292 excidio
1085 2242 1455 2292 vindicaturum.
1486 2243 1765 2292 Adiiciebat
1791 2234 1954 2301 etiam,

461 2343 529 2382 se,
559 2343 665 2376 cum
690 2328 763 2375 illi
790 2342 886 2375 non
910 2327 1104 2387 virtute,
1131 2326 1221 2374 sed
1243 2326 1389 2387 dolis,
1416 2327 1489 2375 ita
1514 2326 1809 2375 fortissimos
1833 2324 1952 2372 mili-

459 2416 536 2460 tes
564 2410 1021 2469 circumvenissent,
1059 2409 1250 2472 palam,
1285 2414 1552 2473 apertoque
1579 2414 1733 2457 marte
1761 2423 1847 2457 eos
1873 2422 1954 2471 op-

461 2498 820 2558 pugnaturum,
859 2493 1225 2556 periculumque
1264 2491 1549 2555 propediem
1588 2492 1856 2551 facturum,
1895 2507 1956 2539 an

463 2592 646 2647 parvus
674 2560 1067 2625 Christianorum
1105 2575 1244 2624 Deus
1285 2571 1374 2639 (ita
1401 2575 1526 2623 enim
1564 2574 1854 2639 blasphema
1880 2589 1958 2623 ca-

463 2662 580 2726 pita,
607 2659 855 2710 Christum
889 2675 977 2724 per
1004 2664 1327 2723 contemptum
1353 2655 1621 2722 appellant)
1650 2674 1676 2707 e
1701 2672 1846 2706 manu
1872 2670 1958 2706 eos

466 2760 557 2794 sua
595 2746 766 2793 eruere
803 2742 986 2808 possit,
1027 2742 1161 2791 cuius
1200 2741 1272 2789 illi
1298 2742 1541 2805 potentia,
1574 2741 1865 2804 numineque
1890 2739 1957 2787 di-

465 2820 578 2876 vino
605 2828 743 2888 freti,
782 2831 882 2875 tam
914 2825 1147 2875 audacter
1185 2840 1239 2874 se
1267 2822 1501 2874 Caesaris
1539 2824 1742 2889 imperio
1782 2822 1958 2872 obiice-

467 2917 610 2960 rent:
638 2911 834 2963 ,habere
872 2925 926 2958 se
958 2909 1286 2958 Mahometem
1324 2909 1471 2971 longe
1510 2909 1595 2958 illo
1620 2894 1955 2972 potentiorem,

469 2995 603 3044 cuius
630 2989 1073 3058 Musulmanni'(ita
1107 2993 1232 3042 eni'm
1259 3007 1313 3041 se
1339 2992 1507 3041 vocari
1545 2986 1778 3054 gaudent)
1818 2988 1958 3053 prae-
