2112 3288
621 151 686 184 mr
710 151 817 185 nnn.
845 150 957 185 vno.
985 151 1095 184 nnc.
1125 153 1172 186 x.
1202 153 1245 186 L.
1272 154 1337 187 1x.
1528 202 1535 205 ς
1627 141 1724 192 197

241 271 431 337 gientes
467 269 848 333 insequerentur.
894 267 1169 318 Turcarum
1193 271 1476 333 fugientium
1502 274 1723 337 plerique

242 359 417 415 monte,
442 354 524 419 qui
560 353 677 402 bina
713 357 994 402 nostrorum
1033 357 1198 402 castra
1232 355 1566 419 interiacebat,
1604 357 1724 420 fuga

241 439 484 506 superato,
510 436 728 487 subsidio
754 437 817 486 iis
844 452 1117 499 accurrere,
1145 428 1223 502 qui
1265 454 1370 488 cum
1397 441 1612 490 exercitu
1649 457 1726 490 co—

239 523 369 574 mitis
417 539 448 572 a
496 520 941 585 Schwartzenberg
991 521 1321 571 decertabant.
1388 551 1455 557 ——
1517 525 1568 572 Is
1620 538 1725 572 cum

240 608 343 659 suis
381 606 623 672 equitibus
661 610 856 655 strenue
897 605 1153 656 admodum
1192 621 1246 656 se
1284 607 1457 671 gessit,
1496 607 1635 668 adeo,
1669 612 1722 656 ut

240 692 462 758 quamvis
488 707 594 742 cum
620 707 709 741 sex
735 691 947 755 equitum
962 691 1294 741 Barbarorum
1319 691 1534 741 millibus
1562 690 1725 741 confli-

239 777 380 838 xerit,
416 780 576 827 tamen
621 792 706 827 eos
745 791 944 825 numero
982 776 1139 840 impar
1174 775 1526 840 profligaverit,
1565 780 1613 825 et
1663 775 1726 825 ad

236 878 381 912 unum
406 862 616 912 milliare
642 861 888 925 fugientes
922 865 1212 926 persecutus
1251 861 1410 921 fuerit,
1450 860 1724 925 complures

238 946 513 1010 caeciderit,
546 951 594 996 et
620 946 914 1011 quingentos
952 946 1147 995 circiter
1172 948 1327 1009 'equos
1366 946 1564 1010 ceperit.
1594 947 1723 994 Inte-

237 1032 328 1082 rim
364 1031 687 1081 Mansfeldius
726 1047 830 1081 cum
881 1032 1059 1081 robore
1110 1030 1355 1080 exercitus
1402 1031 1492 1080 sub
1544 1029 1722 1080 vinetis

238 1116 538 1178 substiterat,
565 1121 622 1166 ut
641 1117 833 1166 Turcas
861 1132 921 1166 ex
948 1116 1009 1165 iis
1037 1115 1268 1181 depulsos
1295 1115 1556 1180 exciperet.
1583 1115 1724 1164 Pedi-

238 1207 314 1252 tes
341 1201 467 1251 enim
492 1206 756 1261 nostrates,
786 1216 906 1266 quos
934 1202 997 1251 ad
1022 1201 1071 1250 id
1098 1217 1155 1250 eo
1194 1201 1371 1250 missos
1411 1216 1562 1265 supra
1600 1216 1725 1251 com-

241 1286 626 1347 memoravimus,
677 1286 950 1352 dispalatos
987 1286 1238 1336 Barbaros
1289 1286 1723 1351 persequebantur,

241 1375 290 1420 et
313 1386 375 1420 ex
398 1370 513 1434 iugo
541 1371 717 1420 montis
742 1371 793 1419 in
819 1376 1024 1435 utraque
1049 1372 1208 1420 latera
1233 1386 1263 1419 a
1289 1370 1472 1420 nostris
1497 1370 1724 1434 utrinque

239 1454 484 1519 equitibus
512 1454 721 1504 obsessa
747 1455 1074 1520 depellebant.
1104 1454 1251 1504 Haud
1278 1454 1569 1504 absimiliter
1603 1454 1723 1504 inte-

238 1539 329 1587 rim
352 1538 602 1604 praesidia
629 1538 841 1590 Palatini
868 1540 1128 1601 Electoris,
1156 1540 1238 1604 qui
1263 1539 1476 1605 Imperio
1496 1539 1722 1603 Margra-

238 1622 305 1671 vii
329 1622 663 1683 subiacebant,
696 1628 745 1673 et
758 1623 996 1688 Vngarici
1010 1623 1219 1673 nominis
1234 1623 1421 1687 equites
1436 1623 1723 1673 acerrimum

236 1706 362 1756 inter
399 1707 564 1756 vineta
603 1722 709 1756 cum
735 1707 975 1757 Barbaris
1014 1707 1253 1772 praelium
1292 1709 1630 1769 conserebant,
1665 1724 1723 1759 eo

235 1795 424 1852 eventu,
473 1796 525 1842 ut
549 1792 803 1856 quingenti
838 1808 899 1841 ex
938 1793 1157 1856 Vngaris
1197 1793 1440 1857 equitibus
1482 1793 1723 1842 subsidia-

234 1874 321 1924 riis
345 1874 590 1938 fugientes
608 1876 801 1925 Turcas
827 1876 1220 1941 praevenientes,
1250 1893 1431 1940 magna
1455 1891 1541 1926 eos
1555 1881 1726 1941 strage

237 1959 501 2009 affecerint.
550 1960 750 2009 Interim
788 1976 849 2009 ne
888 1965 937 2010 et
977 1961 1169 2010 obsessi
1208 1962 1452 2011 occasioni
1506 1961 1722 2012 defuisse

239 2042 532 2105 viderentur,
559 2059 662 2093 cum
691 2043 857 2094 decem
883 2044 1282 2096 vexillationibus
1309 2047 1431 2095 urbe
1446 2052 1723 2111 eruperunt,

239 2133 287 2176 et
312 2127 571 2177 associatis
611 2128 705 2177 sibi
745 2145 771 2178 e
809 2144 1007 2179 numero
1046 2131 1313 2180 recentium
1353 2132 1600 2196 copiarum
1627 2147 1724 2180 non

236 2212 421 2277 paucis,
438 2227 624 2273 rursus,
637 2214 886 2278 perruptis
900 2214 1057 2262 vineis
1075 2215 1518 2280 munitionibusque
1532 2221 1722 2266 nostro-

233 2312 351 2357 rum,
378 2297 426 2346 in
451 2298 618 2347 urbem
645 2312 699 2347 se
724 2299 944 2364 recipere
972 2300 1136 2350 conati
1149 2300 1356 2350 fuerunt.
1385 2299 1723 2351 Sedanostris

233 2381 414 2442 reiecti,
453 2385 502 2430 et
528 2396 709 2444 magna
735 2399 796 2432 ex
822 2388 965 2448 parte
993 2384 1126 2434 caesi
1150 2384 1302 2445 fuere,
1339 2390 1477 2435 tanto
1505 2402 1720 2446 numer0‚

235 2469 288 2514 ut
313 2465 396 2514 vix
409 2472 767 2531 peremptorum
785 2468 1031 2518 cadavera
1045 2484 1103 2518 eo
1119 2469 1198 2518 die
1213 2485 1273 2518 ex
1288 2470 1439 2519 fossis
1457 2471 1568 2520 eiici
1582 2476 1720 2535 potu-

236 2549 377 2620 erint.
402 2548 603 2600 Periere
629 2551 679 2600 in
707 2567 764 2601 eo
793 2547 1171 2603 admunitiones
1206 2554 1432 2604 conflictu
1460 2554 1534 2604 IV
1561 2561 1719 2604 custo-

237 2631 324 2681 des
361 2633 698 2696 munitionum,
752 2641 800 2685 et
838 2635 1193 2701 quinquaginta
1242 2639 1433 2703 pedites
1463 2639 1719 2702 Vngarici.

241 2716 334 2766 His
359 2718 506 2767 rebus
532 2719 582 2767 in
605 2720 732 2770 hunc
757 2722 948 2772 modum
963 2724 1201 2773 confectis
1217 2722 1440 2784 CarolUS,
1456 2740 1516 2773 ne
1538 2725 1716 2774 milites

239 2800 410 2850 labore
459 2803 634 2866 praelii
682 2805 974 2871 fervoreque
1013 2808 1133 2857 solis
1171 2808 1333 2856 fessos
1372 2808 1579 2872 amplius
1611 2808 1717 2858 fati-

239 2890 395 2946 garet,
448 2887 615 2951 copias
656 2889 860 2952 reduxit,
898 2897 946 2941 et
983 2892 1045 2941 ad
1077 2906 1194 2941 suas
1234 2891 1508 2955 quibusque
1549 2893 1718 2942 statio·

237 2983 324 3018 nes
374 2970 534 3019 redire
583 2971 741 3021 iussit.
791 2974 1089 3027 Rosambum
1129 2975 1586 3039 Vicecapitaneum,
1639 2978 1720 3042 qui
