2112 3288
462 185 528 235 66
996 201 1059 235 10.
1087 198 1220 234 Dncn
1245 198 1441 232 cauom

462 329 685 364 sermone
712 316 810 364 Dei
835 317 1092 377 mentione,
1120 315 1163 362 si
1189 315 1232 362 is
1258 315 1386 363 votis
1413 319 1608 380 annuat,
1647 311 1954 377 praehabita,

460 404 824 463 occupaturum,
852 400 975 449 adeo
1002 401 1092 461 sui,
1118 413 1376 462 rerumque
1404 398 1727 464 'humanarum
1754 390 1965 445 oblitum

459 483 685 532 fortunae
712 499 819 533 eum
841 498 959 533 suae
987 483 1243 531 confidere.

864 755 1095 807 CAPVT
1136 754 1532 806 SECVNDVM.

927 888 1001 934 De
1022 895 1162 949 capto
1200 886 1479 949 Vesprimio.

600 1007 801 1057 Interim
817 1005 1029 1069 Sinanus
1043 1005 1304 1053 Mohachio
1319 1019 1531 1068 progres
1543 1019 1633 1064 3118,
1647 1003 1953 1052 fertilissima

457 1092 704 1143 Baroviac
729 1090 981 1151 utriusque
1007 1089 1171 1136 vineta
1211 1104 1269 1137 ac
1296 1103 1443 1150 agros
1485 1087 1824 1151 depopulatus,
1865 1103 1953 1151 per

455 1175 680 1234 Batham,
707 1172 960 1231 Echinum,
995 1170 1219 1228 Tolnam,
1267 1159 1316 1218 et
1353 1171 1544 1233 reliqua
1583 1186 1720 1219 meae
1758 1170 1951 1234 patriae

457 1257 640 1322 oppida
690 1256 785 1303 iter
835 1254 1037 1312 faciens,
1071 1252 1396 1316 opinioneque
1423 1252 1631 1300 omnium
1659 1252 1868 1302 celerius
1891 1253 1954 1303 ad

456 1339 790 1404 Vcsprimium
830 1337 1051 1396 delatus,
1091 1337 1142 1383 in
1169 1336 1299 1384 arcis
1327 1339 1595 1399 conspectu
1621 1340 1789 1384 castra
1822 1337 1952 1385 loca-

456 1426 540 1485 vit,
569 1428 618 1472 et
644 1438 751 1470 cum
778 1421 938 1469 Bassa
965 1420 1195 1479 Budensi‚
1249 1435 1391 1482 quem
1430 1434 1486 1467 eo
1514 1419 1577 1467 ad
1612 1435 1665 1468 se
1692 1434 1796 1468 cum
1825 1420 1954 1469 omni

457 1511 699 1573 apparatu
724 1504 917 1564 bellico,
953 1509 1018 1560 vet
1055 1503 1223 1551 valida
1249 1503 1545 1551 delectorum
1579 1518 1724 1552 manu
1747 1518 1951 1552 vocave-

454 1579 546 1653 rat,
572 1589 828 1639 obsidione
855 1603 963 1636 eam
990 1588 1153 1635 cinxit.
1170 1586 1267 1635 Sed
1291 1587 1359 1635 ibi
1398 1588 1658 1635 tentorium
1684 1588 1803 1648 eius,
1824 1587 1953 1651 quod

454 1674 635 1724 ceteris
663 1671 973 1735 conspectius
1001 1675 1120 1726 erat,
1166 1686 1339 1733 nempe
1380 1686 1410 1718 a
1437 1668 1657 1718 Caesare
1683 1670 1733 1718 in
1758 1670 1952 1735 signum

452 1758 569 1807 boni
619 1756 806 1816 ominiS,
870 1754 1096 1818 quoniam
1135 1754 1291 1817 patris
1343 1753 1419 1802 sui
1467 1753 1657 1814 fuisset,
1709 1753 1951 1814 donatum,

453 1842 601 1905 globo
659 1856 686 1887 e
739 1838 963 1887 machina
1007 1852 1161 1886 aenea
1206 1852 1267 1884 ex
1306 1853 1419 1885 arce
1473 1837 1692 1900 petitum,
1754 1851 1948 1887 rursum

455 1925 624 1973 eadem
651 1923 756 1970 fere
782 1922 832 1969 in
857 1925 1014 1985 parte,
1065 1935 1161 1983 qua
1188 1920 1316 1980 olim,
1355 1935 1460 1969 cum
1498 1935 1556 1968 eo
1595 1920 1658 1968 ad
1689 1910 1949 1983 Zigethlim

453 2007 779 2073 Solymannus
805 2006 1079 2068 Imperator
1105 2008 1336 2065 uteretur,
1364 2004 1664 2067 perforatum
1701 2004 1805 2064 fuit,
1838 2019 1948 2053 con-

452 2090 732 2139 iicientibus
759 2105 820 2137 ex
847 2104 904 2137 eo
931 2088 1118 2151 passim
1147 2089 1367 2136 omnibus
1395 2089 1558 2150 vulgO,
1585 2088 1828 2137 funestam
1842 2103 1949 2137 eam

454 2174 639 2223 Sinano
669 2172 1024 2236 expeditionem
1052 2172 1266 2220 futuram
1305 2172 1513 2220 tandem.
1567 2171 1679 2220 Non
1703 2171 1949 2220 fefellerat

453 2273 512 2305 ea
538 2272 618 2305 res
647 2254 1057 2318 Vesprimienses,
1086 2270 1146 2302 ac
1170 2253 1479 2302 Palotenses.
1508 2255 1635 2302 Nam
1661 2269 1784 2303 unus
1811 2254 1946 2303 exiis

452 2338 743 2403 explorandi
769 2338 931 2399 gratia
959 2338 1154 2386 obviam
1184 2337 1362 2385 Turcis
1402 2337 1595 2398 missus,
1649 2336 1710 2384 ad
1739 2337 1945 2401 Belgra-

451 2423 560 2470 dum
590 2427 755 2469 castra
781 2420 1079 2468 metantibus
1106 2420 1346 2467 Barbaris
1374 2434 1487 2468 sese
1514 2419 1856 2480 admiscuerat,
1897 2425 1945 2468 et

450 2519 546 2554 una
568 2519 675 2553 cum
701 2503 763 2551 iis
789 2502 1230 2564 Albam-Regalem
1258 2516 1412 2563 usque
1434 2503 1527 2550 iter
1552 2502 1754 2562 faciens,
1779 2502 1945 2566 ibique

450 2588 647 2649 tandem
675 2587 737 2634 ab
764 2586 839 2642 iis,
868 2588 1068 2648 captata
1094 2584 1353 2647 occasione
1382 2584 1652 2646 digressuS,
1679 2590 1852 2633 cuncta
1866 2600 1944 2634 eo-

449 2686 555 2719 rum
581 2669 786 2718 consilia
814 2667 916 2716 suis
944 2667 1330 2731 significaverat.
1358 2666 1567 2715 Praeter
1601 2667 1728 2715 hunc
1751 2668 1944 2718 iverant

450 2754 594 2801 etiam
624 2748 707 2801 alii
736 2752 946 2814 quinque
973 2750 1166 2814 pedites
1195 2749 1499 2813 VesprimiO,
1541 2750 1736 2798 obviam
1750 2750 1942 2812 Turcis,

448 2843 501 2886 ut
528 2852 693 2885 eorum
721 2836 943 2911 animum,
994 2849 1050 2882 ac
1101 2834 1270 2896 copias
1322 2834 1650 2897 explorarent
1701 2834 1743 2882 Ii
1792 2834 1942 2897 igitur

451 2921 661 2968 Batham
688 2934 843 2981 usque
868 2915 1136 2981 progressi,
1175 2917 1322 2980 quod
1341 2917 1570 2979 oppidum
1609 2933 1639 2964 a
1680 2917 1940 2966 Mohachio

452 3003 638 3052 duobus
666 3003 859 3051 circiter
886 3000 1176 3049 milliaribus
1204 3000 1368 3060 distat,
1395 3002 1485 3049 sub
1511 3005 1672 3063 ponte,
1700 3015 1811 3063 quo
1818 3002 1941 3050 Tur-
