2112 3288
882 162 930 206 as
952 161 1140 206 ΜυΝΚᾸῐ.
1514 200 1522 203 .
1660 165 1756 216 LXI

249 305 324 351 ea,
350 304 475 355 quae
502 287 566 337 ab
593 286 694 335 illis
720 284 997 350 peregrinis
1025 284 1209 348 alioqui
1238 285 1525 335 authoribus
1554 296 1670 336 vere
1697 304 1755 336 ac

249 373 536 440 simpliciter
564 370 827 421 memoriae
849 370 1158 434 posteritatis
1181 371 1520 419 commendata
1546 372 1754 431 fuerant,

247 465 348 510 tam
385 458 593 523 turpiter
642 456 816 506 favore
858 455 1019 519 partis
1061 454 1265 504 alterius
1306 455 1592 519 corruperit.
1647 455 1754 515 Quo

249 542 410 608 magis
434 541 695 602 laudanda,
722 545 771 590 et
797 540 1020 589 omnibus
1045 539 1326 605 praeconiis
1355 539 1653 588 celebranda
1679 545 1754 588 est

249 627 540 688 liberalitas,
569 641 723 691 opera
742 641 801 674 ac
827 624 1072 673 industria
1098 639 1279 679 eorum,
1310 623 1392 687 qui
1419 622 1753 689 Paralipome-

248 728 314 761 na
358 726 520 761 rerum
572 710 934 773 Vngaricarum
974 709 1199 758 Bonfinio
1241 712 1465 758 attexere
1501 715 1752 759 conantur.

251 793 366 851 Sed,
393 800 447 846 ut
473 812 583 846 mea
608 795 804 861 quidem
844 796 941 845 fert
980 794 1160 859 opini0,
1203 794 1266 843 ad
1292 794 1646 859 perfectionem
1672 811 1756 843 an-

247 881 494 946 tiquitatis
519 885 720 931 nostrae
745 881 839 929 hoc
866 879 1194 939 desideratur,
1231 885 1283 929 ut
1309 880 1504 929 collatis
1531 881 1755 929 omnibus

249 966 460 1016 omnium
485 966 536 1016 in
562 967 657 1016 hoc
682 981 867 1029 genere
883 964 1178 1029 scriptorum
1204 964 1514 1015 monimentis
1540 982 1598 1015 ac
1624 967 1756 1028 frag-

248 1050 440 1115 mentis,
469 1050 704 1101 universa
742 1065 904 1099 rerum
951 1049 1316 1111 Vngaricarum
1362 1049 1572 1100 historia
1624 1066 1753 1107 vere,

248 1135 480 1195 breviter,
520 1150 579 1185 ac
616 1150 754 1200 pure,
806 1134 920 1183 inde
946 1149 1102 1198 usque
1141 1151 1171 1182 a
1207 1134 1475 1198 primordio
1526 1135 1590 1184 ad
1627 1135 1755 1184 hanc

248 1226 469 1271 nostram
495 1220 795 1279 memoriam,
827 1219 876 1267 in
901 1234 1046 1267 unum
1076 1218 1319 1282 quoddam
1358 1234 1535 1283 corpus
1563 1235 1621 1268 ac
1648 1220 1756 1269 bre-

249 1321 311 1355 ve
337 1304 675 1370 compendium
705 1303 974 1368 redigatur,
1014 1308 1062 1350 et
1088 1303 1282 1366 quidem
1310 1303 1565 1367 redigatur
1591 1321 1621 1366 a
1648 1319 1755 1353 nos-

250 1389 475 1447 tratibus,
502 1405 563 1438 ne
590 1403 787 1453 semper
814 1387 1059 1437 accersita
1096 1388 1469 1452 peregrinorum
1498 1388 1754 1448 industria,

249 1478 470 1524 nostram
495 1473 616 1522 orbi
646 1478 846 1522 accuset
874 1472 1131 1520 infantiam
1160 1488 1219 1521 ac
1244 1474 1603 1537 negligentiam
1642 1474 1754 1539 plus

247 1574 394 1624 quam
419 1563 551 1607 certe
578 1557 859 1606 barbaram.
891 1556 1003 1604 Hoc
1030 1556 1073 1604 si
1101 1562 1184 1606 aut
1210 1557 1327 1606 mihi
1354 1573 1566 1621 unquam
1582 1560 1754 1608 facere

247 1642 453 1705 licuerit,
482 1641 613 1706 quod
638 1641 736 1690 iam
765 1640 846 1690 diu
873 1640 1052 1704 cogit0,
1080 1645 1128 1689 et
1153 1656 1247 1689 non
1278 1642 1472 1704 exiguis
1499 1643 1754 1694 laboribus

246 1726 436 1790 molior,
462 1732 547 1777 aut
572 1726 700 1776 alius
727 1726 989 1790 quisquam
1016 1727 1096 1776 vel
1123 1742 1198 1776 me
1225 1727 1460 1792 impedito
1489 1730 1755 1800 occuparit,

246 1812 329 1862 vel
354 1817 544 1862 mortuo
572 1811 810 1871 effecerit,
835 1811 878 1860 is
906 1815 1039 1860 certe
1066 1826 1161 1860 non
1189 1812 1343 1861 solum
1371 1812 1547 1862 studiis
1575 1830 1754 1877 eorum,

246 1897 329 1962 qui
369 1895 654 1962 Sapientiae
696 1896 933 1945 doctrinis
972 1896 1293 1956 delectantur,
1335 1898 1425 1947 sed
1464 1899 1611 1948 etiam
1651 1900 1754 1948 uni⁷

247 1997 424 2032 versae
449 1981 644 2047 patriae
672 1997 776 2031 rem
814 1997 998 2031 summe
1037 1982 1370 2032 necessariam
1398 1989 1545 2048 atque
1572 1984 1754 2050 glorio-

247 2082 353 2118 sam
377 2067 699 2133 praestiterit.
743 2067 998 2131 Equidem,
1039 2067 1081 2116 si
1111 2067 1249 2116 Deus
1290 2067 1405 2132 Opt.
1434 2069 1566 2118 Max.
1597 2070 1750 2120 vitam

248 2151 366 2201 mihi
391 2151 747 2217 prorogaverit,
779 2152 907 2200 vires
935 2167 994 2201 ac
1020 2152 1326 2201 occasionem
1353 2153 1565 2218 largitus
1592 2156 1753 2214 fuerit,

196 2235 201 2238 ’
246 2236 543 2291 liberalitem
572 2251 631 2284 ac
669 2235 1049 2285 munificentiam
1088 2236 1362 2302 principum
1396 2238 1611 2288 virorum
1640 2241 1751 2289 sub-

248 2320 613 2382 ministraverit,
654 2325 703 2370 et
741 2320 833 2370 hoc
871 2336 1043 2370 munus
1098 2322 1303 2386 patriae,
1357 2324 1433 2372 cui
1472 2340 1547 2373 me
1587 2329 1751 2373 natum

247 2406 494 2472 profiteor,
534 2411 601 2456 et.
622 2406 815 2470 reliqua
854 2406 986 2455 vitae
1024 2407 1201 2465 munia,
1242 2424 1565 2473 quaecunque
1608 2426 1636 2459 a
1675 2424 1750 2457 me

249 2491 495 2556 proficisci
521 2496 743 2557 possunt,
783 2492 910 2541 inter
945 2497 1137 2542 ceteros
1176 2493 1395 2543 homines
1422 2495 1662 2552 literatOS,
1703 2500 1751 2542 et

250 2576 444 2640 patriae
471 2582 708 2636 amantes,
736 2592 825 2642 pro
852 2579 985 2627 tenui
1024 2595 1134 2627 mea
1160 2585 1298 2643 parte
1324 2585 1582 2644 praestare
1609 2595 1750 2628 cona-

250 2661 355 2710 bor.
382 2661 581 2711 Interim
607 2667 660 2712 ut
685 2663 836 2712 hosce
862 2663 1060 2713 labores
1088 2669 1301 2724 nostrOS,
1342 2665 1553 2728 benigne
1580 2665 1749 2725 lector,

250 2745 365 2795 boni
389 2746 632 2808 consulas,
671 2753 720 2797 et
746 2748 790 2797 si
815 2747 931 2813 quid
971 2748 1051 2798 vel
1092 2755 1263 2799 nostra
1301 2748 1639 2799 imbecillitate
1667 2749 1746 2798 vel

253 2845 514 2896 operarum
540 2831 1039 2898 Typographicarum
1072 2835 1263 2884 incuria
1290 2834 1642 2883 emendandum
1670 2848 1746 2883 oc-

253 2915 474 2976 currerit,
501 2930 591 2979 pro
618 2921 701 2967 tua
727 2917 1029 2970 humanitate
1056 2921 1302 2969 condones
1330 2919 1490 2968 velim.
1531 2919 1671 2978 Vale,
1699 2925 1748 2968 et

251 2999 331 3049 his
356 3014 446 3065 pro
471 3000 713 3052 arbitratu
738 3003 914 3053 fruere.
