2112 3288
587 208 650 241 DE
676 208 783 241 ΗΕΒ.
819 208 930 242 vm.
959 209 1069 243 Duc.
1097 210 1144 243 x.
1171 211 1214 244 L.
1240 211 1304 244 1x.
1501 200 1509 203 ’
1594 197 1698 249 195

212 330 310 392 tem
335 325 384 376 in
409 329 574 376 castra
599 339 753 390 usque
769 325 1043 376 caeciderit.
1071 326 1168 376 Hic
1182 342 1297 378 vero
1316 344 1344 378 a
1364 329 1550 379 nostris
1565 345 1696 380 erro-

205 426 322 462 rene
358 426 420 461 an
443 410 719 460 temeritate
757 409 977 460 nonnihil
1013 416 1266 476 peccatum
1304 412 1457 462 fuisse
1484 420 1687 466 eventus

206 495 314 562 ipse
341 495 567 545 ostendit.
596 496 724 546 Nam
750 511 855 545 cum
882 496 1006 544 fusis
1032 496 1316 561 fugatisque
1343 498 1406 546 ad
1433 512 1550 548 suos
1586 500 1695 549 hos-

205 579 337 629 tibus
375 580 477 629 voti
514 581 590 630 sui
629 585 877 645 compotes
929 581 1049 630 facti
1086 586 1218 631 retro
1259 582 1515 631 confestim
1553 584 1695 647 signa

206 663 394 714 referre
421 664 702 715 debuerint:
748 665 844 730 ipsi
879 670 1255 731 praeceptorum
1293 666 1496 716 militiae
1536 668 1692 727 obliti,

205 747 388 798 tamdiu
425 764 514 814 pro
554 749 731 799 castris
770 749 1102 800 Barbarorum
1154 750 1499 813 substiterunt,
1541 752 1694 801 donec

206 832 417 897 spatium
442 832 543 883 illis
570 833 697 883 iusto
725 834 944 883 exercitu
970 838 1140 883 contra
1167 849 1222 883 se
1248 835 1476 884 veniendi
1503 835 1692 885 darent.

205 915 280 966 Eo
318 917 499 968 factum
537 924 637 980 est,
677 924 729 969 ut
768 919 963 969 amissis
991 918 1358 984 vulneratisque
1387 935 1582 970 suorum
1612 921 1695 969 du-

206 1001 374 1066 centis,
401 1004 567 1066 fugam
595 1003 658 1053 ad
684 1018 802 1054 suos
841 1003 1149 1069 arripuerint.
1177 1002 1369 1064 Quibus
1395 1009 1559 1054 tamen
1590 1020 1695 1054 eum

206 1086 532 1138 Mansfeldius
558 1089 755 1139 excelso
783 1089 944 1138 animo
971 1089 1279 1149 occurrisset,
1307 1093 1355 1138 et
1388 1104 1477 1152 pro
1517 1089 1695 1139 castris

207 1185 292 1222 eos
308 1173 579 1223 consistere
592 1174 838 1236 iussisset,
856 1174 1053 1223 Turcae
1067 1175 1235 1238 fugam
1248 1173 1399 1235 illam,
1414 1189 1700 1239 paucorum-

208 1272 305 1323 que
332 1257 519 1309 cladem
545 1274 634 1324 pro
662 1259 869 1308 victoria
893 1258 1219 1324 interpretati,
1246 1257 1695 1323 advesperascente

206 1341 305 1392 iam
342 1341 420 1392 die
461 1342 524 1392 ad
562 1358 678 1393 suos
716 1343 978 1393 redierunt.
1018 1342 1228 1392 Postero
1268 1342 1345 1392 die
1385 1359 1446 1392 ex
1473 1343 1695 1393 omnibus

208 1425 434 1492 partibus
459 1426 510 1475 in
534 1432 850 1492 conspectum
877 1442 930 1476 se
964 1441 1134 1476 rursus
1163 1425 1377 1476 Barbari
1417 1426 1609 1486 dedere,
1649 1432 1697 1476 et

208 1508 655 1562 montemaCarolo
671 1510 854 1574 Magno
882 1510 1196 1576 appellatum,
1234 1526 1377 1575 quem
1402 1511 1562 1560 nostri
1589 1512 1689 1561 val-

207 1594 255 1644 lo
282 1595 647 1661 aggeribusque
672 1596 903 1646 munitum
929 1596 979 1645 in
1004 1596 1195 1646 futuros
1223 1595 1584 1661 oppugnandae
1609 1612 1686 1645 ur-

211 1679 288 1729 bis
325 1695 444 1731 usus
482 1686 851 1747 occupaverant,
891 1696 1067 1745 magno
1095 1696 1202 1730 cum
1241 1680 1425 1746 impetu
1462 1681 1696 1747 petivere,

212 1763 300 1814 sed
347 1765 539 1815 fortiter
588 1782 618 1815 a
666 1766 850 1816 nostris
901 1766 1087 1831 repulsi
1139 1767 1290 1816 fuere.
1344 1766 1696 1816 Verumtamen

211 1849 535 1901 Mansfeldius
586 1852 779 1915 cognito
818 1867 1046 1915 magnam
1084 1850 1270 1900 nostris
1309 1856 1529 1913 stragem
1566 1851 1696 1900 bom-

211 1933 382 1984 bardis
420 1935 603 1998 inferri,
642 1936 895 1986 instructis
923 1936 1179 1986 confestim
1222 1941 1430 2000 quatuor
1471 1935 1702 1999 equitum,

214 2018 402 2069 duobus
438 2020 655 2086 peditum
692 2021 922 2083 millibus,
961 2021 1181 2071 subsidio
1221 2020 1404 2070 nostris
1431 2020 1697 2070 laboranti-

220 2104 312 2154 bus
334 2105 555 2167 occurrit,
582 2105 801 2170 fusisque
817 2120 874 2155 ae
888 2106 1073 2168 fugatis
1088 2105 1313 2155 hostibus
1327 2109 1493 2154 castra
1507 2104 1699 2155 tandem

215 2193 345 2238 metu
394 2191 774 2261 oppugnationis
814 2191 941 2240 omni
986 2190 1230 2240 liberavit.
1281 2190 1493 2240 Emicuit
1541 2191 1591 2238 in
1640 2203 1697 2238 eo

215 2273 416 2337 praelio,
442 2280 642 2340 praeter
668 2275 808 2336 alios,
837 2275 993 2324 virtus
1019 2273 1256 2340 imprimis
1275 2274 1555 2338 Burgmvii,
1568 2273 1699 2322 Mar-

214 2358 375 2421 gravii
400 2363 448 2408 et
473 2358 673 2409 Ioannis
699 2359 931 2420 MediceS,
960 2359 1041 2423 qui
1068 2358 1321 2423 egregium
1354 2363 1468 2409 tunc
1506 2358 1700 2408 virtutis

215 2443 460 2507 specimen
485 2444 695 2494 edidere.
721 2444 908 2494 Hostes
949 2449 1109 2494 autem
1149 2444 1334 2494 omissa
1372 2445 1421 2493 in
1460 2459 1699 2509 praesens

216 2531 486 2577 castrorum
513 2526 916 2580 Germanicorum
945 2530 1322 2594 oppugnatione,
1351 2545 1455 2578 cum
1470 2529 1697 2578 universo

222 2611 437 2662 exercitu
472 2614 523 2661 in
561 2629 668 2663 eum
707 2631 928 2680 campum
966 2630 1159 2675 venere,
1197 2613 1324 2664 unde
1374 2612 1701 2662 Mansfeldius

221 2693 426 2745 abierat.
454 2694 554 2746 Sed
579 2696 789 2749 Carolus
817 2715 878 2748 ex
903 2698 1247 2749 munitionibus
1275 2698 1376 2747 suis
1404 2702 1539 2746 tanta
1578 2697 1700 2746 assi-

222 2777 405 2830 duitate
429 2780 479 2829 in
506 2795 590 2830 eos
616 2781 902 2845 fulminavit,
928 2788 981 2833 ut
1006 2781 1327 2833 tandeminde
1351 2796 1436 2830 eos
1463 2781 1701 2843 abegerit,

222 2868 270 2912 et
293 2870 529 2928 vergente
555 2865 619 2915 ad
644 2881 868 2917 occasum
894 2869 1013 2929 sole,
1040 2869 1090 2916 in
1104 2883 1194 2917 sua
1208 2867 1423 2931 ipsorum
1439 2881 1524 2915 eos
1539 2870 1703 2915 castra

220 2947 381 2998 redire
396 2950 626 3013 coegerit.
641 2951 842 3001 Interim
856 2954 1134 3017 praefectus
1150 2950 1462 3000 munitionum
1478 2955 1526 2999 et
1539 2949 1702 2999 vinea-

221 3050 339 3095 rum,
368 3035 541 3099 quibus
568 3036 685 3085 urbs
711 3037 1006 3087 circumdata
1025 3039 1199 3096 fuerat,
1236 3034 1579 3084 Mansfeldium
1601 3050 1702 3083 cer-

1484 3131 1562 3171 13ss
