2112 3288
597 184 660 217 DE
684 171 792 217 nnn.
818 183 930 217 vno.
958 184 1066 217 nne.
1096 185 1142 217 Χ.
1171 186 1214 218 L.
1242 185 1290 218 11.
1509 185 1515 188 ·
1618 173 1704 222 21r

193 302 394 352 curandi
430 304 722 367 potestatem
759 299 807 348 in
846 300 1131 364 praesentia
1163 316 1315 364 penes
1355 318 1409 352 se
1436 319 1533 353 non
1561 317 1687 361 esse,

194 386 363 437 adulta
386 386 480 436 iam
505 388 710 445 aestate,
731 399 858 447 quae
884 389 1146 449 antequam
1174 386 1336 436 omnia
1348 403 1438 451 pro
1455 385 1689 436 Caesaris

194 471 449 536 dignitate,
475 469 524 519 in
550 484 668 519 usus
695 469 818 518 tanti
832 469 952 518 belli
979 474 1335 535 comparentur,
1364 471 1505 520 citius
1531 472 1580 520 in
1607 471 1689 520 ad-

193 569 367 606 versas
391 553 523 604 bello
548 557 894 618 tempestates,
921 553 1242 619 hyememque
1268 554 1427 620 ipsam
1455 555 1554 604 sint
1577 571 1687 620 pro-

192 643 421 708 lapsura,
459 653 626 690 verum
654 638 698 688 si
725 635 934 688 Caesari
959 639 1212 701 videatur,
1253 639 1470 705 seipsum
1495 640 1689 705 postha-

193 718 298 776 bita'
322 723 501 776 aetatis
527 723 866 784 excusatione,
892 724 1073 774 faustis
1099 723 1257 789 ipsius
1284 724 1532 790 auspiciis,
1560 725 1688 775 omni

196 809 424 878 praecisa
448 825 588 860 mora
611 809 662 859 in
686 807 869 859 bellum
893 809 1235 874 profecturum.

619 1072 853 1125 CAPVT
893 1066 1254 1136 QVARTVM.

193 1199 268 1249 De
291 1194 480 1248 Sinano
506 1193 755 1245 Belliduce
781 1196 1048 1258 constituto,
1071 1204 1114 1244 et
1134 1198 1369 1261 portentis
1383 1196 1684 1261 quibusdam,

336 1316 530 1367 Placuit
566 1316 658 1367 hoc
684 1314 919 1377 Caesari,
946 1332 1043 1366 non
1069 1322 1268 1367 assueto
1293 1316 1485 1366 bellicis
1510 1316 1690 1366 labori-

197 1404 304 1464 buS,
331 1406 381 1452 et
404 1405 582 1451 natura
596 1415 802 1466 corpore
816 1401 1076 1462 imbecille,
1092 1400 1354 1466 statimque
1375 1399 1558 1451 Sinano
1572 1400 1691 1450 belli

191 1489 496 1553 Imperatore
530 1485 686 1547 dicto,
726 1501 916 1536 omnem
942 1490 1262 1551 potestatem,
1303 1492 1475 1536 cuncta
1496 1501 1586 1551 pro
1613 1502 1689 1536 ar-

190 1572 337 1623 bitrio
363 1571 688 1622 constituendi
713 1571 952 1620 attribuit.
978 1570 1123 1621 Hanc
1142 1564 1447 1635 provinciam
1462 1569 1688 1626 Sinanus,

190 1655 536 1720 octogenarius
561 1654 659 1705 iam
685 1669 862 1716 senex,
902 1670 999 1704 non
1037 1659 1136 1704 tam
1164 1670 1255 1705 sua
1287 1659 1462 1721 sponte
1501 1655 1688 1720 expeti-

189 1741 337 1802 visse,
365 1755 510 1805 quam
534 1739 836 1790 necessitate
863 1739 1116 1801 adductus,
1156 1740 1409 1806 suscipere
1434 1740 1572 1790 visus
1599 1744 1688 1799 cst,

190 1825 321 1893 quod
345 1829 509 1876 certus
535 1829 684 1887 esset,
711 1828 949 1890 acceptae
975 1824 1107 1874 illius
1134 1825 1316 1887 cladis,
1352 1841 1479 1890 quae
1505 1826 1556 1875 in
1582 1839 1690 1874 eum

190 1912 346 1962 solum
370 1909 491 1960 belli
514 1909 671 1975 ipsius
710 1908 966 1959 authorem
996 1909 1319 1973 redundaret,
1358 1910 1688 1974 ignominiam,

189 1996 233 2047 si
258 1995 388 2047 domi
423 1999 668 2056 maneret,
707 1998 863 2043 morte
904 1993 1001 2043 sibi
1039 1994 1268 2044 luendam
1304 2010 1431 2045 esse.
1473 1994 1688 2046 Proinde

189 2084 393 2145 accepto
418 2094 641 2140 munere,
680 2078 949 2143 habitoque
977 2078 1215 2128 acerrimo
1250 2078 1455 2129 militum
1481 2078 1688 2141 delectu,

190 2181 297 2217 cum
320 2164 524 2214 urbanis
548 2163 755 2229 primum
780 2163 938 2228 copiis
954 2161 1384 2229 Constantinopoli
1399 2179 1687 2229 eggressuS,

189 2251 376 2302 modico
403 2252 467 2301 ab
492 2251 614 2301 urbe
640 2247 802 2316 spatio
831 2254 998 2300 castra
1024 2250 1175 2315 ponit,
1191 2255 1244 2300 ut
1270 2266 1331 2300 ea
1348 2252 1482 2301 fama
1509 2252 1687 2302 adduc-

188 2337 251 2398 ti,
289 2336 461 2394 ceteri,
488 2335 571 2401 qui
596 2336 660 2385 ad
684 2336 866 2386 bellum
894 2335 1161 2401 conscripti
1189 2341 1371 2397 essent,
1398 2351 1455 2385 eo
1478 2337 1687 2387 celerius

193 2436 254 2470 ex
281 2419 504 2470 omnibus
529 2419 722 2485 imperii
747 2420 973 2484 partibus
1001 2420 1063 2470 ad
1090 2435 1146 2470 se
1174 2422 1504 2471 convolarent.
1534 2421 1688 2472 Porta

191 2504 667 2570 Hadrianopolitana
694 2505 991 2570 egredienti,
1031 2521 1140 2555 cum
1166 2506 1312 2569 signa
1350 2506 1410 2555 de
1435 2521 1570 2556 more
1603 2508 1686 2555 mi-

190 2588 323 2639 litari
346 2590 724 2654 praeferrentur,
751 2591 801 2639 in
826 2590 935 2656 ipso
963 2590 1129 2640 statim
1154 2595 1329 2656 portae
1356 2591 1514 2652 exitu,
1542 2607 1686 2641 unum

193 2688 255 2723 ex
279 2672 342 2723 iis
366 2674 829 2738 repenteinterram
844 2675 1113 2741 delapsum,
1141 2691 1172 2724 a
1187 2675 1529 2725 circumstante
1542 2677 1687 2724 turba

190 2764 400 2809 tractum
423 2758 474 2807 in
501 2775 641 2810 omen
665 2760 782 2822 fuit,
821 2762 1067 2811 funestum
1094 2762 1279 2811 cunctis
1310 2762 1414 2810 eius
1442 2761 1561 2809 belli
1587 2760 1685 2809 exi-

190 2850 315 2903 tum,
353 2843 451 2893 iam
477 2847 578 2892 tum
604 2845 777 2895 animis
803 2846 1238 2911 praecipientibus.
1277 2846 1537 2894 Milvorum
1572 2860 1685 2908 quo·

193 2944 287 2994 que
314 2928 818 2992 circumvolitantium,
834 2937 882 2981 et
899 2931 1067 2996 copias
1084 2931 1189 2980 eius
1206 2930 1522 2994 sequentium,
1553 2934 1686 2978 tanta

193 3012 355 3064 subito
380 3012 459 3063 vis
484 3012 534 3062 in
557 3018 671 3064 a’e're
697 3015 949 3082 apparuit,
992 3019 1044 3066 ut
1070 3014 1192 3065 nihil
1219 3029 1273 3064 se
1299 3014 1458 3065 simile
1484 3013 1682 3077 vidisse,
