2112 3288
606 202 671 234 DE
708 201 817 234 REB.
849 202 962 235 VNG.
992 203 1103 236 nnc.
1129 206 1175 238 x.
1202 206 1246 239 L.
1274 207 1338 239 1x.
1520 200 1528 204 “
1645 198 1745 247 231

231 315 342 365 bius
379 316 528 380 paulo
568 330 721 381 supra
759 333 920 366 arcem
961 319 1126 383 spatio
1168 320 1429 372 divortium
1475 325 1526 373 in
1552 328 1749 389 gemina

230 397 337 462 agit
361 399 584 461 brachia,
612 415 817 463 quorum
842 417 963 466 pars
990 403 1239 464 nonnulla,
1281 420 1406 468 quae
1447 408 1566 457 iusti
1590 409 1743 459 flumi-

227 480 307 536 nis
332 482 550 546 speciem
591 484 758 546 refert,
793 489 979 535 terram
1018 485 1221 535 duorum
1248 488 1472 551 iugerum
1499 492 1740 555 magnitu-

233 563 346 614 dine
373 566 612 629 ambiens,
640 583 910 633 rursusque
948 570 998 618 in
1025 586 1172 619 unum
1208 572 1401 621 alveum
1442 574 1654 624 refluens
1682 576 1749 624 in-

227 639 387 699 sulam
426 651 694 702 constituit
756 654 836 703 Ita
875 669 969 718 quo
1020 655 1129 703 loco
1168 655 1329 719 undae
1367 657 1418 705 in
1457 672 1511 706 se
1553 665 1742 714 coeunt,

229 731 334 782 illic
358 749 449 783 arx
487 752 518 784 a
544 733 781 800 Georgio,
820 737 891 786 uti
916 730 1093 799 ferunt,
1132 738 1360 803 Despota
1386 746 1654 802 exstructa,
1691 760 1748 792 ac

235 817 378 881 aquis
403 818 524 868 Istri
549 819 764 884 undique
788 820 1090 870 circumdata
1104 822 1326 886 emergit,
1355 839 1446 873 nec
1475 824 1571 873 nisi
1597 830 1748 890 ponte

189 910 192 914 '
231 901 360 950 adiri
395 906 590 966 potest,
642 919 737 967 quo
779 909 1028 969 superat0,
1070 905 1238 955 decem
1278 906 1475 956 circiter
1513 923 1747 973 passuum

237 985 400 1050 spatio
425 991 590 1036 terrae
619 987 894 1050 interiecto,
935 990 1062 1038 alter
1100 1004 1226 1054 pons
1264 990 1313 1038 in
1352 991 1463 1055 ipso
1492 993 1623 1041 Istro
1664 1009 1746 1042 ex-

235 1074 466 1131 structus,
505 1071 673 1135 priore
712 1073 882 1134 maior,
933 1073 1091 1138 ipsius
1131 1074 1260 1123 arcis
1299 1075 1565 1125 reducibus
1600 1081 1748 1141 atque

236 1155 390 1205 muris
417 1156 710 1206 annectitur.
739 1156 819 1206 Ad
845 1158 940 1208 hoc
954 1158 1169 1207 Barbari
1196 1159 1358 1208 studio
1374 1160 1618 1210 evadendi
1645 1177 1748 1211 cer-

232 1238 374 1288 tatim
413 1246 759 1301 accurrerunt,
814 1248 862 1292 et
900 1243 1012 1292 dum
1053 1244 1262 1308 quisque
1301 1245 1511 1294 alterum
1551 1245 1749 1310 praeire

231 1328 450 1379 conatur,
479 1329 648 1375 tantas
674 1327 725 1375 in
751 1327 861 1391 ipso
888 1332 1038 1392 ponte
1065 1329 1238 1378 turbas
1275 1330 1566 1391 excitarunt,
1605 1335 1659 1380 ut
1686 1330 1750 1379 ad

233 1422 371 1457 arma
433 1409 754 1460 devenientes
808 1427 921 1462 sese
971 1413 1180 1462 invicem
1220 1412 1554 1463 confoderent.
1606 1413 1751 1464 Multi

232 1491 339 1541 sive
364 1493 566 1542 natandi
591 1485 772 1559 peritia
796 1496 926 1554 freti,
965 1497 1072 1546 sive
1099 1496 1248 1546 etiam
1288 1497 1639 1562 desperatione
1667 1512 1745 1547 sa·

235 1575 354 1626 lutis
381 1578 495 1640 acti,
529 1578 576 1627 in
604 1577 928 1643 profluentem
955 1581 1278 1641 desiluerunt,
1318 1581 1522 1645 eiusque
1549 1582 1756 1645 gurgiti·

236 1660 330 1710 bus
347 1662 596 1728 absumpti
610 1663 858 1714 interiere.
886 1665 1071 1729 Magno
1087 1670 1253 1715 tamen
1268 1666 1510 1716 Barbaris
1526 1666 1748 1716 subsidio

231 1745 361 1794 carri
387 1761 582 1813 quoque
608 1749 761 1811 fuere,
786 1750 964 1813 quibus
981 1765 1094 1799 sese
1121 1750 1193 1800 ita
1218 1750 1433 1815 undique
1449 1750 1745 1815 circumsep-

201 1834 204 1836 ’
232 1834 416 1892 serant,
454 1835 507 1880 ut
533 1839 795 1896 equestres
823 1833 997 1898 copiae
1023 1848 1122 1882 non
1134 1834 1284 1883 facile
1299 1833 1362 1883 ad
1376 1848 1464 1883 eos
1478 1838 1745 1899 penetrare

169 1913 174 1916 ’
233 1919 455 1980 possent.
493 1915 635 1977 Quae
663 1917 776 1966 dum
801 1918 851 1967 in
876 1918 1006 1968 hunc
1032 1919 1228 1968 modum
1254 1920 1318 1968 ab
1345 1918 1749 1970 antecursoribus

235 2004 498 2063 geruntur,
526 2000 722 2050 interim
750 2001 995 2068 Princeps
1022 2019 1130 2052 cum
1157 2008 1261 2053 toto
1289 2004 1469 2053 robore
1496 2004 1745 2053 exercitus

234 2082 388 2144 affuit,
416 2099 661 2149 quumque
701 2086 1148 2149 animadvertisset,
1175 2088 1361 2137 nullum
1401 2087 1619 2151 equitum
1644 2087 1749 2137 illic

233 2181 376 2217 usum
401 2183 529 2230 esse,
556 2169 687 2219 illico
716 2171 976 2235 pedestres
1005 2172 1175 2238 copias
1194 2172 1466 2238 praemisit,
1495 2187 1622 2236 quae
1636 2188 1744 2237 per-

233 2252 432 2303 turbato
460 2252 717 2309 confestim
747 2272 999 2307 carrorum
1027 2257 1216 2319 ordine,
1257 2273 1316 2307 ac
1342 2257 1572 2307 citeriore
1598 2262 1747 2321 ponte

238 2343 488 2402 superato,
531 2343 715 2389 tantam
744 2346 967 2405 stragem
995 2341 1209 2403 edidere,
1235 2347 1288 2392 ut
1313 2341 1574 2391 Danubius
1602 2341 1746 2391 cada-

233 2421 436 2472 veribus
462 2423 723 2487 hominum,
752 2441 987 2489 equorum
1026 2432 1076 2476 et
1102 2427 1399 2476 camelorum
1426 2426 1496 2474 ita
1523 2425 1747 2490 opplere-

234 2512 328 2569 tur,
365 2513 420 2559 ut
444 2509 488 2558 si
515 2509 599 2574 qui
623 2525 802 2574 aquam
842 2510 1042 2560 haurire
1078 2512 1280 2572 vellent,
1322 2526 1430 2560 eam
1460 2514 1544 2559 aut
1568 2509 1750 2558 iumen-

234 2598 396 2642 torum
446 2596 532 2642 aut
574 2593 790 2643 virorum
840 2594 1169 2645 cadaveribus
1221 2593 1496 2644 insistendo
1547 2592 1748 2645 haurire

235 2681 545 2741 cogerentur.
585 2673 744 2744 Easre
784 2679 894 2728 visa
921 2679 1151 2742 Barbari,
1181 2696 1243 2729 ex
1269 2677 1502 2728 ulteriore
1530 2675 1748 2724 Danubii

234 2762 347 2827 ripa
385 2761 639 2812 machinas
676 2763 727 2812 in
765 2768 965 2813 nostros
1002 2765 1280 2827 intendunt,
1321 2763 1410 2812 sed
1449 2776 1554 2810 cum
1595 2758 1745 2808 rudes

237 2845 343 2895 eius
369 2846 495 2895 artis
522 2852 705 2909 essent,
745 2863 1032 2914 summaque
1071 2849 1285 2899 fluminis
1312 2845 1571 2896 latitudine
1597 2844 1748 2907 impe-

237 2928 469 2992 direntur,
483 2931 668 2982 nullum
682 2932 877 2983 omnino
892 2934 1078 2993 nostris
1090 2931 1446 2982 incommodum
1462 2928 1745 2979 attulerunt.

239 3014 413 3066 Nostri
438 3032 558 3067 vero
584 3033 644 3066 ex
685 3018 912 3068 citeriore
948 3018 1165 3068 fluminis
1204 3021 1346 3081 parte
1385 3015 1434 3063 in
1473 3013 1746 3063 confertam
