2112 3288
527 190 631 239 274
1070 205 1131 238 10.
1164 205 1260 238 1)Εο
1270 207 1304 238 11
1329 205 1527 239 BARovn

533 320 711 370 Czafer
736 321 900 370 Bassa
938 335 1044 369 cum
1070 321 1172 370 XX
1197 321 1411 370 millibus
1439 322 1774 371 Ianizarorum
1814 327 1863 372 et
1889 322 2015 374 Tar*

525 410 753 462 tarorum,
781 420 839 453 ac
865 405 1018 453 XXX
1044 407 1297 455 tormentis
1340 411 1680 470 occupaverat.
1709 405 1820 456 Huc
1855 408 2008 458 nostri

524 490 778 553 progressi
806 495 928 548 sunt,
963 494 1011 538 et
1035 489 1084 538 in
1112 492 1295 556 campis
1323 490 1818 540 Keresztesiensibus
1844 496 2009 542 castra

521 579 800 640 posuerunt,
830 589 886 622 eo
914 574 1086 636 anime,
1114 581 1165 624 ut
1191 576 1444 625 Barbaros
1457 575 1669 624 transitu
1685 575 2011 638 prohiberent,

525 661 603 708 vel
629 659 671 708 si
696 659 766 707 ita
791 674 845 708 se
872 658 1066 708 occasio
1095 659 1246 721 daret,
1274 676 1445 710 manus
1473 676 1579 709 cum
1595 660 1656 708 iis
1685 665 2009 711 consererent.

522 743 756 803 Quamvis
783 742 1146 792 Maximilianus
1171 742 1423 794 Archidux
1452 761 1481 793 a
1507 760 1675 809 pugna
1699 759 1902 808 prorsus
1926 744 2009 794 ab·

520 828 765 887 horrebat,
793 834 839 876 et
864 826 993 875 id'se
1020 827 1255 876 duntaxat
1278 828 1328 876 in
1353 828 1595 878 mandatis
1623 830 1684 877 ab
1699 829 2010 893 Imperatore

520 914 672 962 fratre
722 911 906 960 habere
957 910 1176 971 dicebat,
1213 916 1265 959 ut
1302 912 1553 961 Barbaros
1603 913 1751 961 latius
1788 911 2013 974 grassari

524 996 832 1062 prohiberet,
871 995 1204 1058 abeuntesque
1232 1001 1469 1058 carperet.
1522 995 1701 1044 Audito
1734 1000 2010 1046 nostrorum

524 1080 735 1130 adventu
761 1077 1064 1127 Mahometes
1093 1076 1283 1127 Caesar
1308 1094 1403 1127 non
1430 1095 1600 1144 parum
1628 1079 1925 1141 extimuisse,
1965 1085 2013 1129 et

525 1164 688 1212 statim
715 1162 923 1210 militare
962 1161 1217 1210 concilium
1241 1163 1481 1211 indixisse
1519 1164 1687 1212 fertur.
1726 1163 1801 1212 Eo
1839 1169 2011 1214 convo-

528 1252 635 1296 cato
665 1247 986 1310 disceptatum
1022 1250 1110 1305 est,
1150 1251 1305 1295 utrum
1334 1262 1518 1295 summa
1554 1247 1626 1295 rei
1663 1245 1851 1311 praelio
1889 1263 2012 1298 com-

522 1330 754 1382 mittenda
781 1329 1043 1389 videretur,
1072 1345 1134 1377 an
1163 1344 1278 1378 vero
1307 1329 1466 1393 Agria
1492 1330 1555 1379 ad
1570 1331 1909 1380 sustinendam
1929 1332 2011 1380 ob-

524 1415 759 1465 sidionem
776 1412 1044 1474 obfirmata,
1074 1429 1179 1462 cum
1202 1415 1355 1477 copiis
1371 1415 1684 1464 redeundum.
1712 1415 1868 1476 Quum
1893 1416 2010 1465 mul-

521 1505 573 1549 ta
597 1500 647 1548 in
672 1504 926 1562 utramque
951 1503 1140 1561 partem
1169 1498 1444 1563 disceptata
1469 1500 1692 1564 fuissent,
1734 1505 1782 1549 et
1803 1499 2011 1565 ipsemet

531 1600 721 1649 quoque
749 1581 938 1632 Caesar
964 1599 1059 1633 non
1085 1584 1342 1633 obscuram
1386 1585 1572 1634 timoris
1610 1584 2011 1648 significationem

523 1669 640 1743 dare
666 1667 926 1727 videretur,
953 1682 1077 1715 unus
1105 1684 1164 1716 ex
1203 1667 1510 1732 Purpuratis,
1537 1669 1672 1718 senio
1705 1669 1801 1718 iam
1841 1668 2011 1717 multa-

529 1768 620 1817 que
647 1751 823 1801 canitie
851 1751 1064 1800 obsitus:
1105 1751 1215 1814 Ego
1242 1767 1374 1814 vere,
1412 1753 1581 1816 inquit,
1609 1753 1702 1803 hac
1715 1758 1763 1802 te
1787 1751 2012 1803 molestia

521 1837 667 1886 animi
693 1835 990 1898 deliberabO,
1019 1850 1219 1899 cumque
1234 1836 1283 1884 in
1307 1836 1470 1885 multis
1484 1836 1641 1900 patris
1668 1837 1750 1897 tui,
1777 1836 1872 1897 avi,
1898 1836 2012 1885 aba·

519 1921 662 1985 vique
688 1919 831 1969 bellis
856 1924 1083 1968 versatus
1109 1919 1213 1980 sim,
1261 1936 1366 1969 eam
1402 1936 1507 1969 cum
1543 1920 1653 1968 aliis
1692 1918 2011 1969 belliducibus

523 2004 651 2052 viam
679 2008 727 2052 et
753 2003 990 2052 rationem
1019 2004 1330 2066 excogitabo,
1372 2020 1468 2068 qua
1492 2009 1655 2053 tantus
1696 1995 1861 2053 hic‘et
1895 2001 2010 2051 talis

529 2086 915 2137 Christianorum
957 2087 1199 2135 exercitus
1249 2103 1343 2135 non
1389 2087 1648 2135 difficulter
1686 2085 1926 2135 debellari
1963 2090 2012 2134 et

531 2172 760 2237 dissipari
792 2170 963 2236 possit.
1019 2169 1378 2230 Quaerentibus
1418 2171 1614 2220 ceteris:
1666 2186 1903 2234 quaenam
1930 2184 2012 2218 ea

528 2262 661 2305 esset
685 2256 833 2305 ratio:
873 2256 983 2317 Ego
1010 2270 1141 2315 ver0,
1168 2255 1335 2318 inquit,
1363 2256 1620 2304 multorum
1653 2255 1898 2303 bellorum
1914 2253 2010 2302 iam

530 2339 880 2403 experientiam
906 2340 1078 2398 habe0,
1106 2345 1415 2403 perspectam
1441 2355 1546 2388 eam
1569 2353 1680 2387 esse
1700 2337 2011 2401 Vngarorum

526 2428 572 2471 et
607 2421 962 2471 Germanorum
990 2424 1321 2486 rapacitatem,
1363 2423 1674 2486 praedaeque
1715 2422 2011 2482 aviditatem,

523 2512 575 2556 ut
600 2521 842 2568 nunquam
869 2505 1072 2564 facilius,
1115 2522 1255 2568 quam
1284 2522 1372 2570 spe
1398 2506 1689 2569 praedarum
1716 2509 1862 2569 atque
1887 2504 2010 2554 lucri

521 2590 671 2651 veluti
701 2589 862 2653 pisces
888 2589 1028 2637 hamo
1056 2589 1166 2653 capi
1191 2589 1393 2652 possint.
1421 2589 1632 2638 Proinde
1658 2589 1878 2652 equidem
1904 2603 2009 2638 oen-

523 2691 693 2742 serem,
723 2672 937 2722 Caesare
963 2674 1012 2721 in
1038 2673 1218 2722 tutiora
1248 2674 1468 2735 deducto,
1510 2675 1579 2723 ita
1617 2674 1770 2723 aciem
1794 2674 1843 2722 in
1870 2671 2010 2723 Chri-

473 2776 477 2780 *
522 2759 706 2829 stianos
735 2757 891 2821 dirigi,
917 2762 969 2806 ut
994 2757 1105 2805 dato
1132 2772 1325 2821 pugnae
1342 2759 1499 2821 signo,
1518 2757 1560 2807 si
1579 2758 1895 2818 vincerentur,
1923 2772 2007 2807 eos

531 2842 658 2892 omni
684 2842 866 2904 impetu
891 2855 1317 2905 persequeremur:
1347 2842 1422 2890 sin
1450 2846 1609 2891 autem
1630 2841 1785 2891 nostri
1810 2841 2008 2892 inclina-

532 2930 712 2984 rentur,
750 2924 799 2972 in
827 2931 990 2973 castra
1017 2939 1070 2973 se
1100 2925 1387 2989 reciperent,
1429 2942 1580 2990 eaque
1619 2926 1744 2975 omni
1783 2940 1924 2990 opum
1950 2941 2008 2975 ac

527 3025 686 3058 rerum
714 3007 1037 3071 pretiosarum
1075 3024 1254 3070 genere
1294 3009 1514 3074 exposito
1552 3008 1767 3072 praedae
1787 3007 2008 3059 hostibus
