2112 3288
861 135 913 178 Es
934 135 1122 179 MUNKAL
1513 200 1521 203 ἢ
1641 145 1743 186 LIII

238 265 348 314 luce
387 260 627 310 hominum
680 275 738 309 ae
766 258 963 324 publica
1006 258 1244 306 societate
1296 261 1495 321 generis
1545 263 1743 314 humani

236 350 464 407 tractant,
481 350 530 395 et
544 344 608 394 ad
627 360 745 394 usus
762 359 922 393 rerum
938 343 1247 408 publicarum
1275 345 1529 409 sapienter
1557 364 1741 398 accom-

239 433 448 484 modant.
486 431 553 479 Et
578 434 715 479 certe
742 429 871 478 Iuris
913 428 1137 478 doctrina
1163 443 1269 477 cum
1297 429 1399 478 alia
1425 431 1588 480 omnia
1616 438 1741 482 trac-

188 536 196 544 ·
238 523 312 570 tat
335 519 482 580 longe
519 511 721 565 uberius
761 530 819 563 ac
844 513 1027 574 utilius,
1056 529 1201 578 quam
1241 514 1462 578 practica
1490 531 1611 580 pars
1638 518 1742 582 phi-

239 601 508 668 losophiae,
545 604 647 648 tum
684 599 894 647 maxime
934 598 1186 657 iustitiam,
1213 597 1443 650 virtutem
1468 598 1606 648 illam
1633 600 1742 666 ipso

238 687 442 739 lucifero
469 684 867 750 splendidiorem,
897 701 927 733 a
954 699 1051 747 qua
1077 688 1312 747 tanquam
1339 684 1529 733 rivulus
1555 686 1744 737 uberri-

239 787 345 824 mus
372 770 638 830 derivatur,
665 774 715 819 et
728 769 862 819 cuius
882 784 1102 818 normam
1130 784 1189 818 ac
1209 769 1492 833 analogiam
1517 770 1567 818 in
1594 772 1744 820 omni-

237 858 331 907 bus
356 853 638 922 praeceptis
678 869 738 903 ac
775 853 973 917 legibus
1014 853 1250 917 sequitur.
1291 853 1506 902 Proinde
1535 868 1633 903 non
1659 855 1744 903 im-

235 940 407 992 merito
431 938 618 990 iudicat
642 954 825 1004 parens
856 937 1170 1002 eloquentiae
1194 954 1291 987 uno
1319 938 1423 988 XII
1463 938 1744 988 tabularum

235 1025 406 1075 libello
447 1039 615 1073 omnes
656 1023 1063 1088 philosophorum
1103 1022 1434 1073 bibliothecas
1461 1029 1510 1072 et
1535 1024 1745 1073 auctori-

234 1109 352 1159 tatis
389 1108 608 1174 pondere
647 1113 696 1157 et
731 1107 959 1157 utilitatis
989 1108 1214 1156 ubertate
1251 1107 1491 1172 superari.
1544 1108 1611 1157 Et
1636 1124 1743 1158 eam

237 1193 301 1242 ob
339 1207 541 1242 causam
593 1192 748 1240 refert
785 1192 914 1240 idem
954 1191 1470 1255 eloquentissimorum
1510 1192 1744 1243 Iurecon-

239 1277 398 1328 sultus
438 1293 572 1326 more
623 1276 753 1342 apud
793 1277 1043 1326 Romanos
1081 1292 1178 1325 non
1216 1276 1455 1326 illaudato
1489 1278 1644 1327 fuisse
1670 1294 1744 1327 re-

239 1367 445 1428 ceptum,
472 1365 525 1410 ut
550 1365 818 1426 praecepta
856 1360 962 1409 XII
1002 1361 1279 1409 tabularum
1319 1377 1416 1411 non
1444 1377 1589 1412 secus
1617 1363 1744 1412 edis-

243 1451 414 1496 cerent
437 1445 591 1510 pueri,
632 1461 690 1494 ac
718 1445 848 1510 apud
874 1461 965 1494 nos
993 1445 1154 1494 solent
1179 1445 1339 1510 prima
1365 1446 1617 1496 literarum
1647 1448 1744 1497 ele-

163 1534 169 1539 '
240 1535 404 1581 menta
431 1530 696 1580 memoriae
721 1530 959 1579 mandari.
994 1531 1251 1580 Malebant
1277 1531 1405 1580 enim
1433 1532 1600 1581 doceri
1627 1548 1744 1583 suos

237 1616 424 1666 liberos
462 1629 558 1663 non
589 1614 801 1678 prolixis
851 1614 1256 1679 philosophorum
1308 1615 1742 1680 disputationibus,

239 1699 328 1749 sed
355 1698 647 1748 auctoritate
673 1704 889 1762 nutuque
928 1699 1092 1762 legum
1121 1699 1330 1749 domitas
1363 1701 1551 1751 habere
1579 1702 1741 1751 libidi-

237 1799 340 1845 nes,
381 1799 611 1834 coercere
645 1784 954 1848 cupiditates,
995 1785 1236 1834 neminem
1273 1785 1489 1847 laedere,
1534 1787 1742 1838 honeste

236 1870 417 1932 vivere,
457 1884 596 1920 suum
628 1869 804 1934 cuique
842 1869 1075 1925 tribuere,
1117 1870 1181 1919 ab
1209 1870 1386 1920 alienis
1412 1878 1614 1934 mentes,
1643 1890 1742 1923 ma-

234 1971 340 2017 11118,
381 1971 440 2004 ac
477 1954 647 2005 oculos
686 1954 952 2004 abstinere.
1005 1954 1338 2015 Quamobrem
1376 1972 1472 2006 non
1500 1958 1742 2008 immerito

236 2041 429 2091 videtur
467 2039 614 2090 etiam
664 2044 836 2089 nostra
886 2044 1183 2104 tempestate
1223 2041 1347 2091 haec
1399 2043 1608 2093 scientia
1646 2060 1743 2094 non

235 2131 423 2177 tantum
450 2142 477 2175 e
504 2123 688 2174 scholis
727 2140 824 2173 11011
865 2125 1177 2190 explodenda
1209 2142 1268 2176 ac
1295 2127 1609 2190 eliminanda,
1653 2130 1742 2179 sed

237 2210 385 2260 etiam
436 2225 631 2275 semper
682 2208 1005 2274 explicanda,
1058 2226 1117 2259 ac
1174 2209 1401 2261 Politicis
1453 2213 1743 2279 Ethicisque

237 2295 535 2362 praeceptis,
574 2299 810 2359 tanquam
850 2310 1016 2344 eorum
1057 2295 1311 2360 fastigium
1352 2313 1411 2346 ac
1439 2313 1744 2349 consumma-

237 2382 320 2443 tio,
347 2381 675 2445 adiungenda.
730 2380 872 2441 Quod
903 2381 946 2430 si
983 2382 1138 2439 fieret,
1179 2383 1336 2433 minus
1376 2389 1510 2434 certe
1537 2385 1744 2434 habere-

239 2481 345 2516 mus
369 2466 703 2532 imperitorum
744 2465 955 2515 iudicum
986 2482 1045 2515 ac
1071 2473 1457 2532 procuratorum,
1489 2470 1569 2533 qui
1600 2469 1743 2534 quasi

241 2551 349 2601 sola
374 2567 436 2600 ex
473 2552 698 2601 omnibus
733 2550 1019 2617 Sapientiae
1058 2553 1295 2603 doctrinis
1347 2554 1742 2620 Iurisprudentia

240 2651 337 2685 non
362 2635 593 2686 discenda
629 2636 771 2699 foret,
810 2637 880 2686 ita
908 2637 1015 2687 sine
1060 2639 1190 2687 omni
1229 2638 1426 2689 liberali
1466 2639 1740 2688 eruditione

241 2736 301 2770 ac
325 2719 446 2770 iuris
474 2720 751 2784 cognitione
790 2721 854 2770 ad
893 2724 1152 2772 tractanda
1191 2723 1369 2774 iudicia
1407 2728 1739 2788 prorumpunt.

383 2801 482 2852 Sed
513 2807 563 2852 et
600 2803 898 2856 Oratoribus
939 2823 1327 2872 magnarumque
1367 2823 1527 2857 rerum
1567 2822 1739 2872 procu-

242 2889 489 2940 ratoribus
518 2904 575 2938 ac
612 2890 792 2954 legatis
831 2892 1139 2956 prudentiam
1178 2894 1298 2943 iuris
1340 2892 1501 2941 civilis
1530 2892 1739 2941 maxime

239 2974 573 3025 necessariam
613 2989 726 3024 esse
753 2976 900 3041 longo
927 2978 1038 3044 ipse
1076 2979 1338 3029 Oratorum
1368 2977 1608 3043 Princeps
1637 2993 1738 3027 ser-
