2112 3288
461 160 560 211 1?ss
995 177 1057 209 10.
1084 178 1214 210 Dncu
1247 177 1440 210 BAnovn

462 299 630 343 tervae
669 293 837 343 urbem
873 294 1095 342 invectae
1122 294 1325 343 densato
1352 293 1517 342 ordine
1549 293 1746 342 honori-s
1772 294 1932 356 gratia
1957 349 1963 356 ‚

459 377 803 439 constitissent,
839 376 1033 426 tandem
1061 375 1300 441 Sponsam
1342 393 1444 426 cum
1474 382 1625 426 matre
1652 381 1821 426 aurato
1845 375 1931 426 illo

460 465 690 526 carpento
715 462 954 510 invectam
992 465 1176 510 tantum
1207 461 1424 510 laetitiae
1461 461 1596 510 iuxta
1634 476 1691 509 ac
1729 460 1933 510 admira-

457 545 603 594 tionis
630 545 1040 594 circumstantium
1067 559 1275 594 coronae
1302 545 1592 605 conciliavit,
1630 549 1682 594 ut
1718 559 1813 593 non
1838 543 1932 594 nisi

457 629 626 679 habitu
652 629 906 690 Venerem,
934 629 1144 678 Dianam
1170 629 1418 693 pudicitia,
1446 629 1701 692 etloquela
1724 628 1941 693 prudens

456 713 620 777 tiaque
646 712 912 774 Palladem,
929 727 989 761 ex
1015 712 1141 761 omni
1168 717 1307 776 parte
1333 712 1518 760 referre
1535 712 1793 761 videretur.
1808 710 1929 761 Cum

458 797 518 845 ad
531 798 664 846 fores
690 797 826 846 aedis
853 796 1050 846 maioris
1078 796 1188 844 divo
1215 796 1447 845 Michaeli
1485 795 1798 860 Archangelo
1825 811 1929 845 sac-

456 897 541 929 rae
574 882 928 945 pervenissent,
954 879 1146 945 Sponsa
1178 896 1283 929 cum
1322 879 1527 944 Sponso,
1567 885 1831 943 matreque,
1871 894 1930 929 ac

453 963 728 1028 praecipuis
779 964 1047 1027 quibusque
1098 963 1391 1012 Proceribus
1441 964 1668 1026 templum
1716 963 1928 1025 ingredi-

453 1052 609 1096 untur.
636 1047 712 1095 Ibi
751 1046 896 1095 altari
942 1047 1213 1095 asistentes
1243 1046 1432 1109 gratias
1473 1047 1579 1095 Deo
1617 1051 1691 1094 ter
1729 1045 1926 1110 Optimo

452 1129 665 1178 Maximo
701 1144 790 1194 pro
825 1129 1030 1178 feliciter
1079 1131 1324 1179 exantlato
1375 1129 1547 1177 itinere
1596 1129 1711 1177 totis
1763 1132 1926 1192 pecto-

451 1213 587 1261 ribus
631 1218 802 1276 agunt,
854 1218 902 1260 et
952 1218 1004 1261 ut
1052 1213 1198 1270 felix,
1248 1213 1537 1275 faustusque
1585 1212 1715 1260 foret
1763 1225 1927 1261 eorum

451 1295 702 1358 adventus,
751 1294 1033 1344 ardentibus
1090 1296 1216 1344 votis
1279 1295 1438 1344 Deum
1487 1298 1759 1359 precantur.
1810 1295 1928 1344 Mox

453 1378 782 1434 communibus
809 1379 1016 1427 omnium
1043 1378 1184 1438 votis,
1231 1394 1289 1427 ac
1338 1378 1512 1426 faustis
1563 1377 1800 1427 ominibus
1851 1392 1928 1427 ac-

451 1462 703 1524 cumulati,
746 1463 953 1527 pedibus
997 1461 1176 1512 Aulam
1230 1461 1593 1525 ingrediuntur,
1643 1477 1748 1511 cum
1808 1460 1925 1511 Pro-

450 1562 588 1596 ceres
639 1562 804 1596 omnes
854 1551 998 1610 atque
1046 1545 1304 1611 pontifices
1355 1546 1627 1611 Principem
1663 1545 1926 1610 praecede-

449 1635 571 1694 rent,
597 1629 790 1695 Sponsa
815 1644 930 1678 vero
958 1645 1063 1679 cum
1090 1635 1243 1679 matre
1282 1645 1340 1678 ac
1388 1634 1549 1678 cetero
1599 1634 1924 1678 matronarum

450 1715 826 1778 ancillarumque
876 1714 1068 1776 agmine
1118 1713 1341 1762 maritum
1383 1714 1431 1761 in
1469 1713 1625 1763 medio
1662 1712 1924 1777 proceden-

448 1804 543 1848 tem
569 1798 841 1848 verecunde
879 1799 1272 1864 subsequeretur.
1300 1796 1475 1847 Actum
1501 1798 1593 1848 hoc
1635 1797 1725 1846 fuit
1764 1798 1802 1846 Ι.
1843 1796 1921 1844 die

450 1881 673 1945 Augusti.

1048 2018 1309 2026 -μ

873 2163 1104 2214 GAPVT
1145 2163 1498 2224 QVARTVM.

454 2275 529 2322 De
555 2275 742 2336 nuptiis
779 2273 1074 2338 Siyismundi
1111 2258 1360 2336 Principis
1396 2289 1501 2320 cum
1539 2271 1704 2320 Maria
1733 2270 1921 2321 Christi-

993 2372 1110 2403 erna
1135 2355 1392 2407 celebr-acia.

591 2464 813 2528 Ingressi
827 2463 1082 2525 Palatium,
1098 2467 1609 2531 eum,sequentemque
1643 2463 1768 2512 diem
1795 2465 1920 2529 capi-

448 2550 602 2599 endae
629 2549 812 2613 quietis
832 2549 993 2612 gratia
1018 2549 1223 2597 seorsim
1261 2553 1560 2611 transegere.
1599 2547 1769 2597 Tertio
1808 2554 1920 2613 post

449 2634 525 2683 die
541 2633 830 2698 ‘Stephanus
856 2633 1145 2693 Boczkaius‚
1175 2632 1318 2695 quiet
1343 2632 1631 2694 cognatione
1659 2631 1915 2696 Principis,

449 2723 497 2767 et
533 2717 794 2781 legationis
830 2716 1051 2781 primatu,
1086 2722 1133 2764 et
1159 2715 1255 2764 fide
1279 2716 1328 2763 in
1353 2700 1629 2780 Principem
1654 2714 1916 2779 singulari,

449 2802 707 2864 multisque
739 2801 801 2850 ab
839 2800 970 2849 initis
995 2800 1224 2864 periculis
1252 2800 1373 2848 satis
1400 2814 1640 2862 superque
1680 2792 1914 2862 cognitus,

447 2885 538 2934 hoc
574 2886 739 2934 facere
777 2884 880 2933 iure
919 2884 1197 2943 videbatur,
1237 2887 1288 2929 ut
1326 2898 1462 2931 suam
1502 2883 1550 2930 in
1588 2882 1680 2931 hac
1718 2882 1915 2946 publica

448 2969 652 3018 omnium
679 2968 867 3018 laetitia
893 2968 1193 3017 affectionem
1221 2968 1505 3026 declararet,
1544 2966 1916 3030 magnificentis-
