<?xml version="1.0" encoding="UTF-8"?>
<!DOCTYPE html PUBLIC "-//W3C//DTD XHTML 1.0 Transitional//EN"
    "http://www.w3.org/TR/xhtml1/DTD/xhtml1-transitional.dtd">
<html xmlns="http://www.w3.org/1999/xhtml" xml:lang="en" lang="en">
 <head>
  <title>
</title>
<meta http-equiv="Content-Type" content="text/html;charset=utf-8" />
  <meta name='ocr-system' content='tesseract 3.04.00' />
  <meta name='ocr-capabilities' content='ocr_page ocr_carea ocr_par ocr_line ocrx_word'/>
</head>
<body>
  <div class='ocr_page' id='page_1' title='image "./baronyaidecsij00deciuoft_0121.png"; bbox 0 0 2112 3288; ppageno 0'>
   <div class='ocr_carea' id='block_1_1' title="bbox 0 547 23 787">
    <p class='ocr_par' dir='ltr' id='par_1_1' title="bbox 0 547 23 787">
     <span class='ocr_line' id='line_1_1' title="bbox 0 547 23 787; textangle 90"><span class='ocrx_word' id='word_1_1' title='bbox 0 614 21 787; x_wconf 39' lang='lat' dir='ltr'>esgea&#39;m!*’¹⁴;*</span> <span class='ocrx_word' id='word_1_2' title='bbox 1 566 23 595; x_wconf 45' lang='lat'>:-</span> <span class='ocrx_word' id='word_1_3' title='bbox 3 547 7 554; x_wconf 49' lang='grc' dir='ltr'>ι</span> 
     </span>
    </p>
   </div>
   <div class='ocr_carea' id='block_1_2' title="bbox 649 130 1750 179">
    <p class='ocr_par' dir='ltr' id='par_1_2' title="bbox 649 130 1750 179">
     <span class='ocr_line' id='line_1_2' title="bbox 649 130 1750 179; baseline 0.008 -10"><span class='ocrx_word' id='word_1_4' title='bbox 649 137 713 169; x_wconf 82' lang='lat' dir='ltr'>DE</span> <span class='ocrx_word' id='word_1_5' title='bbox 738 137 847 171; x_wconf 71' lang='grc' dir='ltr'><strong>ΗΕΒ.</strong></span> <span class='ocrx_word' id='word_1_6' title='bbox 877 138 989 171; x_wconf 81' lang='lat' dir='ltr'>VNG.</span> <span class='ocrx_word' id='word_1_7' title='bbox 1019 138 1130 172; x_wconf 74' lang='lat' dir='ltr'>Duo,</span> <span class='ocrx_word' id='word_1_8' title='bbox 1160 140 1206 172; x_wconf 86' lang='lat' dir='ltr'>x.</span> <span class='ocrx_word' id='word_1_9' title='bbox 1236 141 1280 173; x_wconf 89' lang='lat' dir='ltr'>L.</span> <span class='ocrx_word' id='word_1_10' title='bbox 1307 142 1356 173; x_wconf 88' lang='lat'>11.</span> <span class='ocrx_word' id='word_1_11' title='bbox 1684 130 1750 179; x_wconf 84' lang='lat'>37</span> 
     </span>
    </p>
   </div>
   <div class='ocr_carea' id='block_1_3' title="bbox 239 253 1779 1310">
    <p class='ocr_par' dir='ltr' id='par_1_3' title="bbox 239 253 1779 1310">
     <span class='ocr_line' id='line_1_3' title="bbox 248 253 1779 317; baseline 0.003 -15"><span class='ocrx_word' id='word_1_12' title='bbox 248 258 349 317; x_wconf 81' lang='lat' dir='ltr'>ret3</span> <span class='ocrx_word' id='word_1_13' title='bbox 390 270 497 304; x_wconf 90' lang='lat' dir='ltr'>eum</span> <span class='ocrx_word' id='word_1_14' title='bbox 541 270 657 304; x_wconf 91' lang='lat' dir='ltr'>vero</span> <span class='ocrx_word' id='word_1_15' title='bbox 696 253 950 317; x_wconf 79' lang='lat' dir='ltr'>praesenti</span> <span class='ocrx_word' id='word_1_16' title='bbox 977 254 1198 317; x_wconf 90' lang='lat' dir='ltr'>periculo</span> <span class='ocrx_word' id='word_1_17' title='bbox 1238 256 1451 304; x_wconf 88' lang='lat' dir='ltr'>obiicere</span> <span class='ocrx_word' id='word_1_18' title='bbox 1493 257 1751 317; x_wconf 88' lang='lat' dir='ltr'>hominem,</span> <span class='ocrx_word' id='word_1_19' title='bbox 1777 313 1779 317; x_wconf 22' lang='lat'><strong><em>¹</em></strong></span> 
     </span>
     <span class='ocr_line' id='line_1_4' title="bbox 245 335 1753 401; baseline 0.001 -14"><span class='ocrx_word' id='word_1_20' title='bbox 245 338 512 387; x_wconf 83' lang='lat' dir='ltr'>vicinitatis</span> <span class='ocrx_word' id='word_1_21' title='bbox 542 338 652 386; x_wconf 86' lang='lat' dir='ltr'>iura</span> <span class='ocrx_word' id='word_1_22' title='bbox 678 352 785 386; x_wconf 90' lang='lat' dir='ltr'>cum</span> <span class='ocrx_word' id='word_1_23' title='bbox 811 335 1179 401; x_wconf 83' lang='lat' dir='ltr'>Transylvanis</span> <span class='ocrx_word' id='word_1_24' title='bbox 1207 342 1379 386; x_wconf 87' lang='lat' dir='ltr'>sancte</span> <span class='ocrx_word' id='word_1_25' title='bbox 1406 339 1671 396; x_wconf 89' lang='lat' dir='ltr'>colentem,</span> <span class='ocrx_word' id='word_1_26' title='bbox 1704 347 1753 389; x_wconf 85' lang='lat' dir='ltr'>et</span> 
     </span>
     <span class='ocr_line' id='line_1_5' title="bbox 244 417 1752 486; baseline 0.001 -16"><span class='ocrx_word' id='word_1_27' title='bbox 244 420 562 485; x_wconf 80' lang='lat' dir='ltr'><strong>singulariter</strong></span> <span class='ocrx_word' id='word_1_28' title='bbox 587 420 806 485; x_wconf 88' lang='lat' dir='ltr'>Principi</span> <span class='ocrx_word' id='word_1_29' title='bbox 833 419 1104 481; x_wconf 84' lang='lat' dir='ltr'>addictum,</span> <span class='ocrx_word' id='word_1_30' title='bbox 1132 417 1292 486; x_wconf 84' lang='lat' dir='ltr'>(nihil)</span> <span class='ocrx_word' id='word_1_31' title='bbox 1320 421 1455 470; x_wconf 86' lang='lat' dir='ltr'>aliud</span> <span class='ocrx_word' id='word_1_32' title='bbox 1481 437 1593 471; x_wconf 90' lang='lat' dir='ltr'>esse</span> <span class='ocrx_word' id='word_1_33' title='bbox 1620 423 1752 472; x_wconf 88' lang='lat' dir='ltr'>vide·</span> 
     </span>
     <span class='ocr_line' id='line_1_6' title="bbox 245 503 1753 569; baseline 0 -15"><span class='ocrx_word' id='word_1_34' title='bbox 245 506 406 565; x_wconf 86' lang='lat' dir='ltr'>batur,</span> <span class='ocrx_word' id='word_1_35' title='bbox 421 519 567 568; x_wconf 89' lang='lat' dir='ltr'>quam</span> <span class='ocrx_word' id='word_1_36' title='bbox 594 510 767 554; x_wconf 88' lang='lat' dir='ltr'>contra</span> <span class='ocrx_word' id='word_1_37' title='bbox 791 504 868 554; x_wconf 90' lang='lat' dir='ltr'>ius</span> <span class='ocrx_word' id='word_1_38' title='bbox 889 504 1081 568; x_wconf 86' lang='lat' dir='ltr'>fasque,</span> <span class='ocrx_word' id='word_1_39' title='bbox 1114 519 1243 553; x_wconf 90' lang='lat' dir='ltr'>novo</span> <span class='ocrx_word' id='word_1_40' title='bbox 1258 503 1500 569; x_wconf 83' lang='lat' dir='ltr'>exemplo,</span> <span class='ocrx_word' id='word_1_41' title='bbox 1526 506 1590 554; x_wconf 81' lang='lat' dir='ltr'>ad</span> <span class='ocrx_word' id='word_1_42' title='bbox 1616 505 1753 555; x_wconf 91' lang='lat' dir='ltr'>cuius</span> 
     </span>
     <span class='ocr_line' id='line_1_7' title="bbox 239 587 1751 654; baseline 0.001 -17"><span class='ocrx_word' id='word_1_43' title='bbox 239 587 560 638; x_wconf 90' lang='lat' dir='ltr'>imitationem</span> <span class='ocrx_word' id='word_1_44' title='bbox 597 587 786 654; x_wconf 82' lang='lat' dir='ltr'>posteri</span> <span class='ocrx_word' id='word_1_45' title='bbox 820 587 967 637; x_wconf 88' lang='lat' dir='ltr'>etiam</span> <span class='ocrx_word' id='word_1_46' title='bbox 993 587 1360 651; x_wconf 84' lang='lat' dir='ltr'>obligarentur,</span> <span class='ocrx_word' id='word_1_47' title='bbox 1389 587 1593 637; x_wconf 86' lang='lat' dir='ltr'>alterius</span> <span class='ocrx_word' id='word_1_48' title='bbox 1620 589 1751 638; x_wconf 87' lang='lat' dir='ltr'>furo·</span> 
     </span>
     <span class='ocr_line' id='line_1_8' title="bbox 243 669 1752 736; baseline -0.001 -15"><span class='ocrx_word' id='word_1_49' title='bbox 243 671 315 721; x_wconf 91' lang='lat' dir='ltr'>ris</span> <span class='ocrx_word' id='word_1_50' title='bbox 342 671 616 722; x_wconf 89' lang='lat' dir='ltr'>ministrum</span> <span class='ocrx_word' id='word_1_51' title='bbox 644 687 698 721; x_wconf 90' lang='lat' dir='ltr'>se</span> <span class='ocrx_word' id='word_1_52' title='bbox 724 672 982 736; x_wconf 87' lang='lat' dir='ltr'>praebere.</span> <span class='ocrx_word' id='word_1_53' title='bbox 1006 672 1182 736; x_wconf 88' lang='lat' dir='ltr'>Itaque</span> <span class='ocrx_word' id='word_1_54' title='bbox 1202 686 1496 735; x_wconf 89' lang='lat' dir='ltr'>responsum</span> <span class='ocrx_word' id='word_1_55' title='bbox 1530 669 1752 721; x_wconf 86' lang='lat' dir='ltr'>Chausio</span> 
     </span>
     <span class='ocr_line' id='line_1_9' title="bbox 240 755 1749 821; baseline 0 -16"><span class='ocrx_word' id='word_1_56' title='bbox 240 756 348 818; x_wconf 89' lang='lat' dir='ltr'>fuit,</span> <span class='ocrx_word' id='word_1_57' title='bbox 375 755 571 806; x_wconf 90' lang='lat' dir='ltr'>minime</span> <span class='ocrx_word' id='word_1_58' title='bbox 597 756 648 805; x_wconf 93' lang='lat' dir='ltr'>in</span> <span class='ocrx_word' id='word_1_59' title='bbox 674 756 923 821; x_wconf 87' lang='lat' dir='ltr'>Principis</span> <span class='ocrx_word' id='word_1_60' title='bbox 949 760 1200 820; x_wconf 77' lang='lat' dir='ltr'>potestate</span> <span class='ocrx_word' id='word_1_61' title='bbox 1226 770 1364 815; x_wconf 89' lang='lat' dir='ltr'>esse,</span> <span class='ocrx_word' id='word_1_62' title='bbox 1387 756 1581 806; x_wconf 88' lang='lat' dir='ltr'>alienae</span> <span class='ocrx_word' id='word_1_63' title='bbox 1608 756 1749 805; x_wconf 84' lang='lat' dir='ltr'>ditio-</span> 
     </span>
     <span class='ocr_line' id='line_1_10' title="bbox 243 839 1753 905; baseline -0.001 -15"><span class='ocrx_word' id='word_1_64' title='bbox 243 840 322 890; x_wconf 87' lang='lat' dir='ltr'>nis</span> <span class='ocrx_word' id='word_1_65' title='bbox 347 839 572 890; x_wconf 81' lang='lat' dir='ltr'>homines</span> <span class='ocrx_word' id='word_1_66' title='bbox 596 839 771 905; x_wconf 89' lang='lat' dir='ltr'>poenis</span> <span class='ocrx_word' id='word_1_67' title='bbox 798 856 828 889; x_wconf 89' lang='lat' dir='ltr'>a</span> <span class='ocrx_word' id='word_1_68' title='bbox 853 839 1094 888; x_wconf 90' lang='lat' dir='ltr'>maleficio</span> <span class='ocrx_word' id='word_1_69' title='bbox 1122 840 1432 900; x_wconf 79' lang='lat' dir='ltr'>absterrere,</span> <span class='ocrx_word' id='word_1_70' title='bbox 1472 839 1753 903; x_wconf 86' lang='lat' dir='ltr'>militesque</span> 
     </span>
     <span class='ocr_line' id='line_1_11' title="bbox 239 921 1753 989; baseline -0.001 -15"><span class='ocrx_word' id='word_1_71' title='bbox 239 924 380 989; x_wconf 85' lang='lat' dir='ltr'>ipsos</span> <span class='ocrx_word' id='word_1_72' title='bbox 406 921 514 973; x_wconf 87' lang='lat' dir='ltr'>cum</span> <span class='ocrx_word' id='word_1_73' title='bbox 540 928 760 973; x_wconf 84' lang='lat' dir='ltr'>extremo</span> <span class='ocrx_word' id='word_1_74' title='bbox 788 937 987 972; x_wconf 86' lang='lat' dir='ltr'>suorum</span> <span class='ocrx_word' id='word_1_75' title='bbox 1015 922 1324 981; x_wconf 81' lang='lat' dir='ltr'>discrimine,</span> <span class='ocrx_word' id='word_1_76' title='bbox 1361 939 1423 972; x_wconf 82' lang='lat' dir='ltr'>ex</span> <span class='ocrx_word' id='word_1_77' title='bbox 1450 928 1753 987; x_wconf 89' lang='lat' dir='ltr'>quaestuosa</span> 
     </span>
     <span class='ocr_line' id='line_1_12' title="bbox 239 1007 1751 1072; baseline -0.001 -14"><span class='ocrx_word' id='word_1_78' title='bbox 239 1007 509 1072; x_wconf 89' lang='lat' dir='ltr'>provincia,</span> <span class='ocrx_word' id='word_1_79' title='bbox 549 1022 677 1072; x_wconf 90' lang='lat' dir='ltr'>quae</span> <span class='ocrx_word' id='word_1_80' title='bbox 703 1022 871 1057; x_wconf 92' lang='lat' dir='ltr'>eorum</span> <span class='ocrx_word' id='word_1_81' title='bbox 899 1022 1016 1072; x_wconf 91' lang='lat' dir='ltr'>spes</span> <span class='ocrx_word' id='word_1_82' title='bbox 1044 1007 1218 1069; x_wconf 76' lang='lat' dir='ltr'>aleret,</span> <span class='ocrx_word' id='word_1_83' title='bbox 1245 1007 1507 1057; x_wconf 88' lang='lat' dir='ltr'>abducere.</span> <span class='ocrx_word' id='word_1_84' title='bbox 1551 1007 1646 1057; x_wconf 92' lang='lat' dir='ltr'>His</span> <span class='ocrx_word' id='word_1_85' title='bbox 1674 1024 1751 1057; x_wconf 90' lang='lat' dir='ltr'>ac·</span> 
     </span>
     <span class='ocr_line' id='line_1_13' title="bbox 243 1091 1752 1157; baseline -0.001 -15"><span class='ocrx_word' id='word_1_86' title='bbox 243 1091 505 1157; x_wconf 79' lang='lat' dir='ltr'>quiescens</span> <span class='ocrx_word' id='word_1_87' title='bbox 531 1092 870 1152; x_wconf 89' lang='lat' dir='ltr'>Mahumetes,</span> <span class='ocrx_word' id='word_1_88' title='bbox 898 1106 956 1141; x_wconf 91' lang='lat' dir='ltr'>eo</span> <span class='ocrx_word' id='word_1_89' title='bbox 980 1092 1221 1151; x_wconf 84' lang='lat' dir='ltr'>maxime,</span> <span class='ocrx_word' id='word_1_90' title='bbox 1249 1092 1381 1156; x_wconf 87' lang='lat' dir='ltr'>quod</span> <span class='ocrx_word' id='word_1_91' title='bbox 1405 1091 1590 1157; x_wconf 85' lang='lat' dir='ltr'>ipsius,</span> <span class='ocrx_word' id='word_1_92' title='bbox 1629 1107 1752 1157; x_wconf 87' lang='lat' dir='ltr'>prae</span> 
     </span>
     <span class='ocr_line' id='line_1_14' title="bbox 241 1174 1751 1241; baseline -0.001 -16"><span class='ocrx_word' id='word_1_93' title='bbox 241 1175 421 1225; x_wconf 83' lang='lat' dir='ltr'>ceteris</span> <span class='ocrx_word' id='word_1_94' title='bbox 436 1212 448 1236; x_wconf 89' lang='lat'>,</span> <span class='ocrx_word' id='word_1_95' title='bbox 473 1174 693 1240; x_wconf 84' lang='lat' dir='ltr'>iugulum</span> <span class='ocrx_word' id='word_1_96' title='bbox 727 1180 900 1241; x_wconf 88' lang='lat' dir='ltr'>petere</span> <span class='ocrx_word' id='word_1_97' title='bbox 927 1174 1227 1238; x_wconf 88' lang='lat' dir='ltr'>viderentur,</span> <span class='ocrx_word' id='word_1_98' title='bbox 1256 1176 1320 1225; x_wconf 86' lang='lat' dir='ltr'>ad</span> <span class='ocrx_word' id='word_1_99' title='bbox 1348 1174 1585 1226; x_wconf 84' lang='lat' dir='ltr'>Sinanum</span> <span class='ocrx_word' id='word_1_100' title='bbox 1611 1179 1751 1224; x_wconf 87' lang='lat' dir='ltr'>recta</span> 
     </span>
     <span class='ocr_line' id='line_1_15' title="bbox 242 1258 506 1310; baseline -0.011 -1"><span class='ocrx_word' id='word_1_101' title='bbox 242 1258 506 1310; x_wconf 74' lang='lat' dir='ltr'>contendit.</span> 
     </span>
    </p>
   </div>
   <div class='ocr_carea' id='block_1_4' title="bbox 882 1688 1138 1695">
    <p class='ocr_par' dir='ltr' id='par_1_4' title="bbox 882 1688 1138 1695">
     <span class='ocr_line' id='line_1_16' title="bbox 882 1688 1138 1695; baseline 0 0"><span class='ocrx_word' id='word_1_102' title='bbox 882 1688 999 1695; x_wconf 58' lang='lat'>----—.—⁴</span> <span class='ocrx_word' id='word_1_103' title='bbox 1012 1690 1052 1695; x_wconf 31' lang='lat'>⁴0..</span> <span class='ocrx_word' id='word_1_104' title='bbox 1062 1689 1138 1695; x_wconf 43' lang='grc' dir='ltr'>Ν,-</span> 
     </span>
    </p>
   </div>
  </div>
 </body>
</html>
