2112 3288
502 883 504 885 Ι
598 810 991 856 SERENISSIMO
1013 811 1387 868 INOLITOQVE
1811 836 1814 839 ·

242 894 557 948 PRINCIPI
570 896 661 948 AO
675 897 976 960 DOMINO,
991 898 1274 951 DOMINO
1291 899 1751 963 SIGISMVNDO,

237 988 311 1024 Dm
329 988 486 1016 GRATIA
507 989 857 1028 TRAnsYLvAMAE,
878 990 1132 1025 MOLDAVIAE,
1153 992 1399 1028 VALACHIAE,
1421 993 1752 1025 TRANSALPINAE,

239 1036 356 1063 SACRI
374 1036 534 1064 ROMANI
555 1037 711 1064 IMPERII
731 1039 918 1073 PRINCIPI,
938 1039 1097 1066 DOMINO
1112 1040 1294 1068 PARTIVM
1305 1041 1430 1068 REGNI
1444 1042 1666 1076 VNGARIAE,
1687 1043 1748 1069 CO·

420 1086 510 1112 MITI
522 1085 750 1114 SICVLORVM
764 1085 815 1113 διο.
829 1087 987 1115 DOMINO
1002 1087 1076 1115 SVO
1091 1088 1418 1117 CLEMBNTISSIMO
1439 1091 1468 1117 S⁴
1484 1092 1515 1117 P.
1531 1091 1567 1117 D.

240 1193 436 1292 Num,
473 1235 635 1297 magis
663 1235 807 1285 decet
843 1252 955 1303 eos,
984 1235 1316 1288 Serenissime
1343 1239 1614 1304 Princeps,
1649 1241 1751 1291 Do-

240 1316 819 1382 mine-Clementissime,
851 1322 934 1386 qui
960 1322 1315 1385 gubernaculis
1341 1323 1533 1388 reipub.
1558 1324 1749 1389 praesi-

243 1402 374 1460 dent,
402 1418 549 1468 quam
573 1409 628 1454 ut
652 1405 965 1469 praeclaras,
994 1406 1341 1470 salutaresque
1367 1422 1465 1469 res,
1495 1408 1659 1472 quoad
1683 1408 1755 1457 vi-

241 1488 427 1548 xerint,
472 1503 664 1538 summa
689 1504 886 1554 semper
913 1506 1008 1554 ope
1035 1494 1236 1553 gerant,
1265 1490 1567 1555 easdemque
1593 1491 1645 1540 in
1671 1508 1758 1557 pu-

245 1572 726 1623 blicahistoriarum
752 1579 1067 1624 monumenta
1097 1575 1389 1624 referendas
1417 1580 1602 1625 curent.
1643 1575 1757 1625 Nisi

244 1657 374 1707 enim
411 1655 759 1708 Clarissimma
784 1657 1071 1723 Principum
1104 1659 1354 1721 facinora,
1395 1675 1550 1724 opera
1590 1659 1755 1710 docto-

245 1742 353 1793 rum
388 1741 639 1793 hominum
675 1742 836 1793 literis
868 1743 1186 1805 mandentur,
1226 1748 1376 1808 atque
1414 1744 1558 1794 iustis
1598 1745 1757 1794 Enco-

245 1826 359 1876 miis
383 1826 722 1888 celebrentur,
760 1827 890 1876 idem
917 1832 1052 1877 certe
1077 1828 1310 1889 tumuluS,
1338 1828 1420 1892 qui
1442 1843 1655 1893 corpora
1681 1844 1758 1878 eo—

248 1926 356 1962 rum
380 1910 626 1976 contegit,
658 1912 840 1961 famam
868 1926 1063 1976 quoque
1089 1913 1290 1973 obruet,
1331 1927 1391 1961 ac
1415 1927 1594 1962 nomen
1620 1928 1646 1962 e
1673 1927 1756 1977 po-

247 1995 493 2046 steritatis
534 1996 772 2045 memoria
797 1995 997 2045 delebit.
1036 1995 1192 2060 Atqui
1219 1996 1263 2045 si
1288 2000 1510 2046 veterum
1548 1996 1758 2060 Regum,

248 2085 398 2144 atque
423 2079 711 2144 Principum
731 2081 960 2145 exempla
984 2080 1310 2131 intuebimur:
1336 2081 1508 2146 reipsa
1532 2083 1757 2146 profecto

249 2164 634 2229 comperiemuS,
672 2164 906 2228 perennis
933 2179 1020 2214 eos
1048 2164 1243 2228 gloriae
1281 2165 1450 2228 gratia
1474 2170 1577 2215 tam
1615 2164 1758 2225 domi,

251 2263 399 2312 quam
422 2246 627 2297 militiae
654 2251 830 2296 cuncta
845 2247 1179 2310 praestitisse.
1206 2246 1339 2307 Quid
1364 2248 1504 2298 enim.
1521 2263 1616 2312 ego
1631 2248 1759 2297 Her-

246 2332 409 2382 culem
432 2331 583 2386 illum,
612 2330 730 2395 quid
756 2328 964 2394 Cyrum,
993 2330 1111 2395 quid
1137 2330 1481 2381 Alexandrum
1506 2332 1759 2396 Magnum,

251 2415 371 2481 quid
409 2413 697 2480 Scipiones,
737 2414 854 2478 quid
880 2413 1173 2465 Ciceronem
1210 2415 1415 2466 Patrem
1441 2415 1672 2477 Patriae,
1713 2421 1762 2464 et

251 2498 471 2550 infinitos
509 2498 636 2548 alios
675 2497 876 2549 Heroas
917 2513 1319 2559 commemorem,
1368 2500 1451 2563 qui
1492 2505 1626 2549 certe
1663 2514 1760 2547 non

251 2584 351 2634 nisi
373 2583 602 2649 perpetui
626 2583 834 2633 nominis
859 2584 925 2634 ad
950 2599 1116 2644 seram
1139 2584 1483 2648 posteritatem
1507 2586 1660 2647 long-a
1686 2599 1761 2632 se-

253 2668 328 2718 rie
363 2667 730 2718 transmittendi
756 2668 947 2730 studi0,
973 2672 1072 2729 tot,
1113 2672 1378 2733 tantosque
1411 2666 1613 2717 labores
1651 2682 1760 2731 per-

168 2790 172 2793 -
254 2752 485 2803 tulerunt.

399 2835 600 2887 Verum.
624 2837 872 2887 enimvero
911 2853 1226 2902 nequaquam
1263 2842 1336 2886 tot
1362 2840 1599 2899 tantaque
1635 2832 1763 2899 peri-

257 2920 369 2971 cula
391 2925 492 2971 tam
516 2920 730 2971 libenter
756 2922 1041 2983 subiissent,
1070 2922 1166 2971 nisi
1187 2921 1516 2971 credidissent
1539 2919 1648 2968 fore
1675 2919 1763 2967 ali·

258 3019 409 3070 quos»,
449 3005 531 3069 qui
557 3003 821 3069 praeclara
857 3006 1075 3070 ipsorum
1103 3012 1249 3070 gesta
1276 3004 1476 3069 scriptis
1504 3003 1634 3062 suis,
1673 3017 1763 3051 ceu

1495 3098 1544 3139 1³²
