2112 3288
4 1619 23 1671 ἐ

6 1681 17 1715 2

2 1716 32 1792 3

607 182 671 215 DE
691 181 804 214 REB.
830 180 943 214 vno.
970 180 1081 213 nne.
1111 186 1154 216 x.
1181 182 1224 213 L.
1252 182 1338 215 v11.
1633 168 1736 220 149

227 318 258 353 a
281 307 424 366 tergo
450 298 650 359 statuit,
679 311 838 361 eoque
865 296 1028 345 edicto
1054 297 1327 361 propositO,
1370 302 1423 346 ut
1462 299 1525 347 ad
1550 305 1734 348 certam

221 386 348 436 diem
374 397 544 435 omnes
582 381 797 446 undique
838 382 1164 430 Tartarorum
1204 382 1379 446 copiae
1418 381 1733 442 confluerent,

220 484 327 523 cum
366 467 588 518 exercitu
626 466 825 516 dimidio
864 482 1010 530 quam
1049 471 1256 516 venerat
1282 467 1484 528 minore,
1526 467 1732 517 Tomos-

156 543 166 558 *
217 553 389 603 varino
416 557 586 602 castra
610 551 776 611 movit,
804 565 1040 614 oramque
1067 550 1289 599 Danubii
1321 551 1512 613 legens,
1534 552 1739 614 popula-

215 635 408 687 bundus
435 635 486 684 in
513 634 902 698 Transalpinam
951 634 1146 698 irrupit.
1200 633 1279 682 Ea
1315 649 1370 682 re
1407 634 1609 697 cognita
1646 634 1735 683 Mi-

216 721 361 771 chael
385 719 834 784 Transalpinorum
860 717 1114 783 PrincepS,
1148 718 1371 767 collectis
1397 723 1598 782 praeter
1623 733 1734 782 gre-

217 820 331 870 gem
356 803 707 865 Valachorum,
735 803 956 866 regionis
986 802 1093 851 eius
1105 803 1393 862 incolarum,
1422 803 1505 866 qui
1531 808 1730 867 sponta-

214 903 358 939 neam
383 888 608 938 militiam
634 888 898 947 faciebant,
937 886 1308 950 quatuordecim
1341 886 1539 936 circiter
1565 887 1734 950 Vnga-

212 987 380 1024 rorum
418 988 516 1037 qua
553 971 772 1038 peditum
812 987 910 1035 qua
957 971 1174 1035 equitum
1214 970 1446 1031 millibus,
1486 971 1732 1020 Tartaros

212 1057 393 1108 finibus
413 1071 600 1118 arcere,
626 1057 677 1105 in
702 1056 1046 1119 hosticumque
1090 1055 1268 1103 ducere
1307 1054 1492 1104 statuit.
1510 1053 1610 1104 Sed
1624 1070 1733 1105 cum

209 1133 416 1190 insidias
465 1154 814 1203 numerumque
864 1138 1194 1203 Tartarorum
1246 1142 1517 1200 vereretur,
1558 1140 1728 1189 missis

214 1223 423 1291 primum
451 1221 540 1274 OG
567 1223 814 1288 equitibus
853 1228 904 1272 et
943 1221 1075 1272 CCC
1108 1222 1360 1286 peditibus
1387 1222 1731 1274 Barbarorum

213 1307 422 1358 consilia
447 1307 755 1372 exploranda
781 1307 985 1356 censuit.
1038 1306 1404 1356 Antecursores
1455 1307 1609 1371 igitur
1649 1309 1725 1358 illi

214 1391 411 1456 cognito
438 1390 686 1441 Tartaros
724 1392 775 1439 in
814 1391 1040 1456 proxima
1083 1391 1230 1454 sylva
1272 1395 1443 1440 castra
1481 1393 1725 1456 posuisse,

179 1520 188 1528 .
210 1476 401 1541 ingenti
425 1491 534 1526 cum
559 1476 776 1525 clamore
801 1476 852 1524 in
893 1490 978 1524 eos
1017 1475 1221 1537 irruunt,
1262 1479 1312 1524 et
1336 1476 1472 1524 nullo
1499 1476 1614 1525 vivo
1652 1492 1728 1526 re-

211 1563 411 1609 servato
435 1559 487 1608 in
511 1559 782 1608 barbaram
807 1563 1006 1622 gentem
1034 1573 1190 1608 saeva
1226 1559 1380 1609 caede
1417 1565 1727 1623 grassantur,

212 1642 438 1708 captivos
475 1642 715 1707 plurimos
755 1642 828 1691 eis
869 1642 1099 1706 eripiunt,
1146 1647 1196 1691 et
1235 1658 1552 1707 quoscunque
1591 1659 1726 1694 asse-

210 1732 436 1792 quuntur,
461 1726 711 1776 vindictae
738 1726 901 1776 studio
914 1727 1178 1776 trucidant.
1206 1727 1425 1783 Tartari,
1444 1728 1526 1793 qui
1551 1730 1725 1793 procul

211 1827 267 1861 se
292 1811 357 1861 ab
383 1810 515 1859 omni
539 1810 761 1875 periculo
801 1825 914 1860 esse
954 1810 1052 1860 rati
1090 1826 1269 1860 secure
1310 1826 1366 1860 se
1404 1811 1724 1862 straminibus

209 1895 588 1961 mapalibusque
625 1894 936 1955 abdiderunt,
990 1897 1040 1944 et
1077 1895 1194 1944 nudi
1232 1895 1458 1960 plerique
1507 1896 1724 1946 nefanda

210 1994 408 2044 pueros,
433 1979 657 2043 virgines
695 1984 1048 2043 matronasque
1087 1980 1292 2029 libidine
1343 1980 1721 2031 excruciabant:

210 2063 418 2114 simulac
433 2068 638 2129 repente
666 2064 1024 2113 circumventos
1052 2079 1106 2113 se
1121 2064 1362 2125 viderunt,
1377 2064 1594 2114 dimissis
1609 2080 1722 2130 cap-

207 2148 342 2210 tivis,
369 2153 420 2198 et
445 2148 603 2212 equis,
656 2164 754 2212 qua
793 2148 969 2212 cuique
1006 2149 1287 2213 proximum
1320 2149 1722 2214 commodumque

206 2231 367 2281 visum
394 2235 485 2293 est,
514 2230 578 2280 ad
605 2245 723 2280 suos
750 2230 1008 2293 diffugere.
1046 2231 1202 2281 Pauci
1231 2245 1293 2280 ex
1321 2231 1384 2280 iis
1412 2232 1475 2280 ad
1503 2247 1721 2298 pugnam

208 2313 431 2375 accincti,
484 2314 687 2378 sagittis
731 2320 931 2364 nostros
984 2315 1359 2380 impetiverunt,
1410 2316 1720 2381 impetusque

211 2414 380 2451 eorum
432 2398 782 2449 sustinuerunt.
845 2399 926 2448 Ita
982 2399 1151 2463 aliqua
1188 2398 1525 2448 Barbarorum
1574 2404 1720 2465 parte

211 2498 375 2545 caesa,
425 2483 692 2546 multisque
731 2482 950 2532 millibus
989 2483 1299 2548 captivorum
1341 2499 1368 2532 e
1407 2483 1518 2532 dira
1551 2499 1718 2534 eorum

207 2567 444 2617 servitute
491 2567 732 2628 liberatis,
761 2572 1106 2626 antecursores
1134 2568 1294 2617 nostri
1321 2567 1528 2617 rediere.
1558 2568 1637 2616 Ea
1662 2583 1718 2616 re

211 2650 366 2700 illecti
416 2652 694 2716 complures
721 2653 917 2702 Thoma
943 2652 1074 2702 Becz
1117 2653 1242 2702 duce
1268 2652 1479 2716 aliisque
1516 2652 1719 2700 nonnul-

213 2732 279 2783 lis
315 2733 522 2798 primum
561 2734 755 2799 quidem
793 2735 988 2785 felicem
1013 2736 1064 2785 in
1091 2736 1351 2786 Barbaros
1384 2735 1617 2798 impetum
1642 2734 1717 2782 fe-

215 2832 342 2878 cere,
392 2832 506 2866 mox
532 2818 596 2867 ab
622 2819 685 2867 iis
727 2819 1062 2882 circumventi,
1091 2821 1257 2870 multis
1295 2833 1492 2867 suorum
1519 2817 1718 2866 amissis

214 2902 266 2960 in
291 2906 460 2950 castra
497 2892 786 2952 recurrere·
819 2906 899 2954 Ita
926 2905 1146 2964 Tartari,
1209 2902 1472 2952 formidato
1525 2905 1718 2950 nostro-

217 3001 323 3040 rum
350 2985 579 3047 adventu,
605 3002 704 3036 non
730 2987 912 3051 exigua
938 2988 1079 3037 clade
1118 2991 1340 3051 accepta,
1358 3001 1540 3048 magna
1565 2984 1717 3053 capti-
