2112 3288
513 156 590 190 'DE
616 156 725 189 REB.
754 156 868 189 VNG.
896 155 1005 188 1)Εο-
1034 157 1080 188 Χ.
1107 157 1479 191 —PRAEFATIQ
1516 202 1523 205 Ἰ
1722 144 1751 191 7

250 273 541 333 madversa,
591 275 838 321 tantorum
875 271 925 319 in
965 286 1020 319 se
1060 287 1319 336 procerum
1371 274 1756 324 coniurationem

247 371 544 424 repressam,
570 356 667 406 tria
691 354 893 404 maximi
918 356 1150 405 momenti
1163 355 1343 418 Regna
1369 373 1400 405 a
1421 358 1634 406 Turcico
1664 360 1684 406 Ι
1690 375 1753 407 m-

247 441 388 507 perio
413 441 615 503 avulsa,
644 437 1029 506 Christianoque
1055 440 1247 490 foederi
1274 439 1529 501 adiuncta,
1568 446 1757 491 tantam

247 523 971 590 'futurorum-multitudinem,
1002 525 1377 588 Turcarumque
1404 524 1623 590 copiam,
1648 525 1759 573 feli-

248 610 390 661 cibus
426 610 569 660 Tuae
596 607 891 660 Serenitatis
928 608 1091 659 fusam
1134 608 1457 673 fugatamque
1496 608 1759 674 auspiciis!

248 700 398 746 0001
427 695 623 760 reliqua
654 694 837 745 tumide
866 710 928 744 ne
968 708 1347 754 recenseamus,
1388 708 1514 757 quae
1553 702 1760 758 sperare

246 779 376 843 licet,
401 784 479 830 tot
501 785 767 845 tantasque
792 794 877 830 res
905 779 1096 830 duobus
1125 779 1303 829 saltem
1331 777 1496 839 hisce,
1535 778 1761 844 tribusve

248 865 418 928 annis,
455 870 557 915 tam
582 864 878 931 prudenter,
918 864 1218 928 excelsoque
1245 862 1434 924 anim0,
1472 863 1523 912 in
1554 863 1650 912 hac
1674 862 1760 911 flo-

246 949 376 1001 renti
412 953 579 1000 aetate
615 948 819 1013 gestas!
866 949 1221 1013 obstupescent
1260 951 1393 996 certe
1431 946 1558 996 haec
1596 947 1762 996 omnia

246 1034 462 1101 posteri,
501 1039 552 1084 et
576 1035 814 1099 majorem
840 1034 891 1083 in
929 1032 1125 1083 modum
1160 1032 1483 1082 mirabuntur.
1522 1032 1677 1093 Nam,
1718 1032 1762 1081 si

246 1123 445 1183 verum,
483 1120 608 1170 citra
634 1134 827 1169 omnem
853 1117 1155 1168 adulationis
1195 1116 1555 1181 suspicionem,
1597 1117 1760 1166 dicere

246 1204 432 1254 liceat:
478 1202 609 1269 quod
647 1201 1046 1269 Transylvania,
1087 1201 1367 1262 Moldavia,
1408 1200 1763 1265 Transalpina,

246 1290 344 1340 1100
379 1294 482 1351 est,
519 1302 616 1338 uno
653 1287 808 1337 verbo
838 1291 982 1336 :tota
1019 1286 1184 1336 Dacia
1223 1301 1254 1334 a
1291 1284 1505 1335 Turcico
1544 1285 1761 1350 Imperio

249 1372 531 1434 desciverit,
561 1370 813 1436 Sacroque
839 1370 1064 1422 Romano
1086 1371 1303 1436 Imperio
1325 1369 1644 1434 incorporata
1670 1370 1762 1434 sit;

250 1457 381 1524 quod
405 1457 608 1518 Poloni,
648 1471 708 1506 ac
732 1455 915 1505 Veneti
940 1455 1068 1504 idem
1103 1460 1279 1507 contra
1304 1455 1568 1517 Barbaros
1604 1455 1762 1505 consi-

249 1542 584 1606 liumagitent
609 1559 620 1590 :
649 1539 780 1605 quod
805 1538 1050 1605 Princeps
1078 1540 1293 1606 Imperii,
1324 1556 1384 1591 ac
1410 1542 1564 1591 ceteri
1589 1541 1763 1606 Reges

249 1625 525 1678 Christiani
563 1640 758 1676 sacrum
799 1629 971 1677 contra
997 1625 1254 1675 Barbaros
1290 1627 1466 1676 foedus
1504 1627 1761 1677 iniverint:

250 1712 382 1780 00οᾶ
405 1700 722 1762 Christianus
749 1711 913 1770 orbis,
953 1715 1096 1776 capto
1123 1710 1350 1773 laurino‚
1391 1713 1518 1762 bene
1557 1727 1764 1778 sperare

249 1797 465 1849 audeat:
497 1797 629 1863 quod
653 1812 716 1847 ex
755 1801 894 1846 tanta
933 1796 1258 1846 Tartarorum
1299 1797 1607 1848 multitudine
1645 1813 1763 1863 pau-

250 1881 438 1933 cissimi
462 1881 716 1932 evaserint
743 1899 754 1929 :
782 1880 914 1946 quod
940 1886 1026 1942 tot,
1052 1895 1149 1930 uno
1172 1881 1414 1932 duntaxat
1439 1899 1596 1945 anno,
1636 1881 1763 1933 Tur-

249 1982 419 2018 carum
443 1966 600 2016 millia
625 1980 776 2016 caesa
801 1964 900 2015 sint
924 1965 976 2014 in
1003 1966 1372 2032 Transalpina,
1400 1972 1450 2017 et
1475 1967 1733 2018 Moldavia
1754 1986 1764 2016 ε

251 2051 382 2119 00οᾱ
426 2055 596 2102 tantus
648 2051 954 2116 captivorum
986 2040 1401 2103 ¹Christianorum
1440 2069 1698 2114 numerus,
1738 2069 1766 2102 e

252 2137 364 2188 dira
399 2136 641 2187 servitute
679 2136 730 2185 in
767 2135 1032 2201 pristinam
1072 2136 1357 2188 libertatem
1397 2142 1623 2188 assertus
1663 2137 1764 2187 sit:

208 2272 210 2275 ,
249 2221 377 2271 haec
402 2226 537 2271 certe
563 2220 728 2271 omnia
741 2221 1008 2270 secundum
1022 2219 1198 2283 Deum,
1225 2222 1308 2272 uni
1332 2223 1474 2273 Tuae
1498 2221 1767 2273 Serenitati

251 2306 459 2372 accepta
482 2305 690 2356 ferenda
734 2311 872 2367 sunt,
913 2305 1052 2355 cuius
1091 2308 1322 2374 exemplo
1361 2313 1493 2358 totus
1522 2306 1766 2358 Christia-

250 2405 344 2442 nus
370 2389 534 2452 orbis,
575 2394 625 2440 et
650 2390 969 2440 confirmatus
995 2389 1046 2440 in
1073 2405 1218 2440 sacro
1243 2391 1474 2453 foedere,
1502 2396 1552 2441 et
1576 2391 1766 2442 excitus

251 2474 317 2525 ad
338 2474 525 2525 bellum
549 2474 795 2525 Barbaris
826 2474 1135 2525 inferendum
1163 2476 1358 2541 omnino
1385 2475 1595 2526 videtur.
1644 2476 1765 2525 Pro-

252 2558 368 2609 inde
393 2559 450 2621 si,
478 2560 609 2626 quod
637 2560 800 2626 optari
827 2560 990 2622 debet,
1017 2574 1227 2626 sperare
1252 2560 1332 2611 fas
1359 2566 1450 2623 est,
1478 2561 1766 2626 auspicatus

255 2661 399 2697 sacro
423 2645 539 2696 huic
562 2646 698 2696 bello
722 2645 835 2695 finis
863 2645 1130 2710 contigerit
1160 2664 1170 2695 ι
1207 2645 1392 2696 nullum
1420 2660 1541 2695 sane
1569 2644 1767 2694 dubium

256 2735 362 2796 est,
388 2731 505 2798 quin
529 2731 657 2783 inter
683 2746 853 2782 omnes
886 2730 1107 2796 reliquos
1134 2731 1438 2780 christianae
1464 2729 1654 2793 reipub.
1683 2725 1765 2776 du-

256 2834 356 2880 ces,
381 2818 433 2867 in
447 2803 805 2880 Clarissimum,
823 2820 873 2866 et
897 2815 1048 2881 longe
1061 2813 1448 2865 Celeberrimum
1468 2811 1765 2877 Principem,

258 2903 390 2971 quod
414 2907 465 2953 et
488 2917 616 2953 nunc
637 2902 822 2952 factum
851 2901 1094 2962 videmus,
1122 2899 1380 2950 Serenitas
1407 2898 1519 2947 Tua
1553 2911 1769 2946 evasura

255 2989 335 3044 011.
373 2985 461 3040 Sin
486 2992 649 3040 autem
675 3001 834 3047 secus,
862 3001 1009 3055 quam
1036 2990 1277 3055 optamus,
1305 2988 1454 3047 atque
1482 2993 1762 3048 speramus,
