2112 3288
435 157 503 208 20
947 171 1012 206 10.
1042 171 1173 206 onon
1198 172 1395 207 BARovn

434 291 595 350 filium,
622 291 684 340 ob
710 290 878 340 oculos
904 289 994 339 tibi
1018 305 1159 354 ponc.
1187 289 1394 338 Perierit
1406 289 1489 338 ille
1516 293 1636 351 esto,
1657 288 1909 353 praeclare

432 374 590 424 iudico
616 379 774 424 actum
801 390 908 424 cum
932 373 1043 435 illo,
1084 363 1164 437 qui
1189 389 1277 438 pro
1303 379 1386 423 tua
1413 372 1598 435 gloria,
1624 387 1808 437 proque
1835 387 1908 421 re-

434 458 616 523 ligione
642 459 791 508 vitam
816 458 1098 523 profuderit.
1138 458 1313 507 Habeo
1340 458 1477 519 alios,
1506 457 1678 521 quibus
1704 455 1911 506 similem

432 544 626 603 exitum,
651 542 791 592 modo
828 542 878 590 id
903 542 993 591 tibi
1030 542 1281 606 expediat,
1320 529 1520 606 eiopt03
1559 540 1646 590 sed
1681 539 1800 589 illud
1832 555 1907 588 me

433 626 704 685 excruciat,
743 624 870 690 quod
893 625 970 674 his
996 626 1090 674 tuis
1131 625 1457 686 administris,
1494 631 1592 674 tam
1617 624 1803 673 nefarie
1829 638 1909 672 res

430 710 620 775 imperii
644 709 713 759 tui
738 708 1125 774 procurantibus,
1154 724 1339 758 omnem
1366 714 1496 757 tuam
1522 707 1645 768 vim,
1677 707 1908 757 Maiesta-

429 801 647 857 temque,
687 809 716 841 a
743 792 1020 842 christianis
1059 791 1158 841 illis
1190 792 1428 841 contemni
1465 791 1670 841 videam,
1709 790 1908 840 Imitare

430 880 703 942 Imperator
728 876 939 926 maiores
966 881 1100 938 tuos,
1138 876 1374 941 imprimis
1413 881 1571 925 autem
1595 873 1907 940 Solymanum

432 977 588 1022 avum,
617 976 710 1024 quo
736 961 847 1009 vivo
873 960 922 1008 in
953 965 1138 1009 tantum
1163 976 1244 1010 res
1272 960 1482 1009 Turcica
1507 959 1686 1020 crevit,
1723 963 1776 1007 ut
1802 958 1909 1008 orbi

433 1051 669 1095 terrarum
682 1045 911 1094 universo
927 1044 1231 1094 formidinem
1244 1045 1514 1093 incusserit.
1542 1043 1780 1107 Equidem
1806 1042 1908 1107 pol-

430 1129 580 1179 liceor
604 1130 714 1190 tibi,
741 1130 901 1179 nullos
925 1129 1030 1178 fore
1056 1130 1301 1190 mortales,
1329 1129 1409 1192 qui
1433 1133 1482 1177 te
1506 1128 1691 1188 ferant,
1717 1136 1908 1190 quoquo

428 1218 478 1262 te
517 1213 750 1274 verteris,
791 1212 964 1261 cedent
1003 1213 1161 1262 omnia
1198 1212 1383 1261 viribus
1409 1211 1530 1272 tuis,
1576 1210 1653 1259 sin
1677 1214 1837 1259 autem
1860 1213 1909 1258 te

430 1297 557 1345 domi
595 1297 887 1346 continueris
919 1334 929 1358 ,
974 1312 1149 1346 vereor
1185 1311 1245 1344 ue
1292 1294 1460 1360 plures
1497 1295 1636 1357 brevi
1672 1291 1909 1357 superiori

392 1376 405 1384 “
429 1381 540 1430 huic
564 1380 749 1430 similes
773 1386 962 1431 tuorum
989 1380 1158 1430 clades
1183 1379 1367 1430 audias.

867 1641 1097 1693 CAPVT
1137 1642 1469 1694 TERTIVM.

606 1761 682 1810 De
709 1761 826 1812 bello
851 1764 903 1812 in
933 1761 1231 1812 Christianos
1252 1780 1283 1810 a
1311 1760 1516 1811 Caesare
1543 1761 1738 1810 decreta

569 1883 665 1933 His
693 1882 834 1932 dictis
859 1882 1061 1946 profusa
1086 1882 1135 1930 in
1161 1883 1420 1947 lacrymas,
1443 1887 1491 1931 et
1516 1880 1578 1930 ad
1597 1879 1748 1946 pedes
1773 1878 1905 1929 illius

427 1969 705 2033 provoluta,
729 1967 850 2016 adeo
878 1982 985 2016 eum
1011 1966 1292 2027 commovit,
1319 1970 1371 2015 ut
1397 1965 1560 2015 statim
1586 1980 1693 2014 eam
1718 1962 1906 2014 Caesar

428 2053 554 2101 bono
570 2052 728 2100 animo
744 2065 854 2099 esse
879 2050 1090 2110 iusserit,
1117 2050 1310 2100 iamiam
1323 2049 1482 2114 ipsam
1507 2049 1733 2110 visuram,
1758 2063 1905 2113 quan-

426 2140 527 2184 tum
553 2135 824 2184 authoritas
850 2134 978 2193 eius,
1019 2151 1049 2183 a
1081 2149 1176 2198 qua
1202 2148 1399 2182 causam
1436 2148 1572 2182 suam
1597 2131 1680 2195 agi
1703 2131 1904 2189 videret,

429 2219 559 2283 apud
585 2233 639 2267 se
665 2218 863 2267 valeret.
893 2218 1000 2267 Nec
1023 2217 1153 2266 ultra
1178 2222 1408 2277 moratuS,
1433 2215 1593 2280 poscit
1617 2215 1819 2280 stylum,
1845 2229 1903 2263 ac

427 2302 699 2366 pugillares
716 2340 743 2369 ,ῃ
766 2306 911 2364 atque
939 2316 1029 2350 sua
1054 2301 1219 2350 statim
1243 2315 1386 2349 manu
1409 2299 1671 2364 perscribit
1708 2297 1902 2359 SinanO,

427 2392 480 2435 ut
505 2387 599 2435 sibi
625 2385 908 2435 necessaria
934 2384 1093 2433 omnia
1117 2384 1248 2434 illico
1269 2383 1333 2433 ad
1356 2382 1538 2432 bellum
1563 2382 1786 2449 instruat,
1813 2396 1902 2431 nec

425 2471 574 2520 ullam
601 2468 897 2534 expeditioni
922 2484 1105 2518 moram
1130 2468 1291 2517 faciat.
1316 2465 1532 2531 Accepto
1558 2466 1652 2516 hoc
1676 2466 1902 2516 mandato

427 2553 637 2615 Sinanus
664 2553 884 2616 collegas
912 2567 1077 2601 omnes
1115 2552 1177 2600 ad
1214 2566 1268 2600 se
1306 2555 1565 2612 convocat,
1605 2549 1773 2600 eodem
1805 2565 1902 2599 mo-

426 2642 600 2700 ment0,
628 2637 795 2701 eisque
820 2636 1047 2701 proponit
1061 2634 1291 2685 Caesaris
1318 2635 1540 2693 animum,
1566 2634 1776 2698 quidque
1798 2634 1898 2683 fac-

424 2726 476 2771 to
504 2722 568 2770 sit
604 2715 751 2785 oPUS,
789 2724 939 2768 totam
964 2724 1153 2768 noctem
1182 2719 1449 2768 insomnem
1479 2733 1584 2767 cum
1610 2717 1681 2767 eis
1708 2718 1900 2780 ducens,

426 2789 506 2855 diu
532 2804 825 2868 multumque
852 2802 1087 2866 disquirit.
1126 2802 1372 2851 Postridie
1396 2801 1589 2851 tandem
1624 2816 1685 2851 ex
1711 2805 1900 2852 senten·

423 2890 492 2938 tia
519 2889 725 2938 omnium
751 2888 1005 2936 certiorem
1030 2886 1150 2935 facit
1176 2885 1726 2947 Caesarem,maximum
1751 2902 1899 2950 appa-

423 2978 592 3035 ratum,
619 2974 701 3022 ubi
724 2971 915 3022 Caesar
941 2971 1070 3020 bello
1097 2970 1160 3019 sit
1184 2971 1514 3032 interfuturus,
1541 2969 1737 3033 requiri,
1764 2969 1898 3018 cuius
