2112 3288
450 172 454 177 ’
480 179 580 232 100
1011 195 1077 229 10.
1104 195 1238 241 onon
1262 197 1460 231 minovn

472 316 653 373 rarent,
683 311 1048 373 coniunctisque
1075 312 1305 371 consiliis,
1344 327 1402 360 ac
1428 312 1629 371 viribus,
1669 313 1967 362 teterrimum

471 396 662 444 hostem
689 411 719 443 a
744 395 1018 444 cervicibus
1052 392 1442 444 Christianorum
1467 397 1776 461 repellerent.
1798 395 1966 456 Quod·
1994 397 1999 402 '

470 478 514 525 si
542 493 657 526 vero
685 481 953 537 cessarent,
980 481 1028 525 et
1055 477 1326 526 subsidium
1357 477 1474 527 dare
1513 483 1872 540 cunctarentur,
1901 478 1967 527 vi-

471 560 641 609 derent
691 560 836 608 etiam
874 564 1022 622 atque
1060 559 1219 620 etiam,
1270 575 1331 608 ne
1368 560 1604 624 Vngaris‚
1647 562 1728 625 qui
1779 576 1967 611 omnem

468 644 704 692 hactenus
730 643 850 691 belli
876 642 1073 690 Turcici
1111 643 1287 691 molem
1324 644 1428 692 fere
1468 645 1561 693 soli
1601 645 1963 708 sustinuissent,

468 728 549 775 vel
574 741 778 790 prorsus
806 725 993 779 deletis,
1022 725 1102 772 vel
1128 727 1425 775 necessitate
1441 727 1565 791 ipsa,
1583 729 1858 777 Turcarum
1887 742 1962 777 se·
1990 776 1995 778 ,

473 825 526 858 se
553 809 824 873 patrocinio
863 808 1248 867 subiicientibus,
1278 810 1438 857 aditus
1475 811 1722 860 Barbaris
1752 812 1802 859 in
1829 809 1965 860 Ger-

468 893 677 942 maniam
713 894 839 941 ultro
879 891 1165 955 aperiretur.
1203 891 1581 956 Responderunt
1634 894 1830 943 ordines
1869 895 1964 943 Im-

468 976 606 1039 perii,
634 980 828 1038 gratum
855 974 951 1021 sibi
990 989 1116 1033 esse,
1156 975 1285 1037 quod
1327 973 1516 1023 Caesar
1553 991 1641 1039 pro
1681 992 1772 1025 sua
1797 976 1964 1040 autho-

466 1060 612 1108 ritate
664 1074 829 1107 curam
869 1055 1180 1106 Christianae
1229 1058 1530 1122 reipublicae
1567 1061 1763 1108 tandem
1801 1074 1965 1109 susce-

466 1143 645 1205 pisset:
680 1141 769 1189 sed
795 1155 888 1203 quo
915 1140 1073 1188 minus
1107 1141 1236 1188 votis
1276 1141 1379 1189 eius
1418 1158 1601 1191 morem
1641 1159 1815 1206 gerere
1851 1128 1964 1207 pos-

466 1230 588 1286 sent,
615 1224 840 1288 impediri
868 1238 922 1270 se
948 1228 1091 1283 metu,
1130 1238 1191 1271 ne
1230 1223 1273 1271 si
1300 1225 1532 1272 subsidiis
1570 1226 1788 1288 ipsorum
1815 1227 1961 1275 colla·

464 1309 543 1368 tis,
572 1309 739 1357 Turca
764 1306 861 1355 Dei
887 1306 1123 1355 beneficio
1150 1307 1511 1369 reprimeretur,
1553 1313 1601 1357 et
1642 1325 1668 1357 e
1695 1309 1962 1359 Pannoniis

466 1392 738 1450 eiiceretur,
765 1389 995 1437 Pontifex
1021 1389 1202 1438 bellum
1241 1391 1407 1438 statim
1445 1392 1569 1454 ipsis
1608 1408 1697 1456 pro
1723 1393 1964 1456 religione

466 1490 557 1523 sua
594 1473 952 1537 promovenda,
991 1472 1243 1521 indiceret„
1286 1472 1497 1523 Proinde
1549 1475 1592 1523 si
1631 1491 1782 1535 arma,
1819 1491 1963 1540 pecu-

466 1558 609 1618 niam,
636 1558 816 1605 milites
843 1573 873 1604 a
901 1571 954 1604 se
982 1556 1090 1604 dari
1117 1554 1309 1605 Caesar
1345 1558 1636 1620 postularet,
1675 1558 1962 1622 priusiure-

466 1635 669 1690 iurando
699 1656 753 1688 se
780 1655 980 1689 securos
1007 1639 1249 1700 redderet,
1277 1641 1405 1703 quod
1430 1646 1575 1704 parta
1595 1641 1692 1689 Dei
1728 1642 1963 1691 beneficio

466 1724 687 1783 victoria,
715 1724 896 1772 bellum
923 1723 972 1770 in
999 1737 1053 1770 se
1079 1722 1263 1770 nullum
1290 1721 1535 1782 PontifeX,
1562 1739 1620 1772 ac
1647 1724 1798 1773 ceteri
1826 1723 1964 1781 Prin-

466 1808 617 1871 cipes,
646 1807 727 1869 qui
752 1806 1008 1868 religionis
1046 1806 1237 1854 nomine
1277 1822 1306 1854 a
1345 1822 1399 1854 se
1440 1806 1589 1854 alieni
1616 1813 1833 1869 essent,-
1862 1807 1961 1857 ullo

475 1905 685 1953 unquam
712 1895 931 1954 tempore
958 1889 1277 1952 susciperent.
1305 1888 1445 1938 Haec
1469 1891 1841 1953 protestantium
1853 1905 1966 1954 pos-

461 1973 630 2030 tulata,
657 1988 762 2021 cum
790 1970 998 2021 Caesari
1023 1987 1119 2020 non
1144 1987 1233 2034 per
1260 1973 1421 2020 omnia
1461 1973 1819 2034 satisfacerent,
1850 1987 1961 2022 con-

465 2056 589 2104 siliis
615 2057 744 2104 ultro
784 2056 1002 2117 citroque
1028 2054 1108 2103 diu
1135 2054 1352 2116 agitatis,
1393 2070 1571 2118 magno
1613 2070 1719 2104 cum
1744 2055 1954 2105 omnium

465 2140 792 2202 cordatiorum
842 2139 1086 2186 hominum
1125 2138 1308 2198 dolore,
1347 2142 1396 2186 et
1434 2138 1623 2200 ingenti
1662 2139 1959 2188 christianae

464 2222 766 2285 reipublicae
830 2221 1141 2279 detriment0‚
1197 2220 1390 2268 tandem
1440 2235 1494 2268 re
1544 2221 1726 2269 infecta
1775 2221 1953 2270 disces—

466 2319 571 2352 sum
597 2305 702 2353 fuit.

941 2563 1173 2617 CAPVT
1215 2564 1478 2614 NONVM.

469 2645 544 2732 De
585 2683 849 2751 fflriqonio,
900 2693 940 2731 et
977 2683 1220 2744 Hatvcmo,
1260 2703 1290 2730 α
1314 2649 1622 2732 'Christianis
1649 2684 1952 2747 oppuynatiS.

604 2817 805 2865 Interim
831 2816 1066 2864 Matthias
1094 2814 1364 2873 Archidux,
1391 2830 1496 2862 cum
1524 2813 1734 2862 Sinanus
1761 2813 1951 2862 omnino

463 2901 559 2947 iam
586 2916 705 2964 prae
732 2904 861 2947 metu
887 2914 1097 2953 cessare,
1126 2898 1436 2959 cunctarique
1454 2894 1747 2952 crederetur,
1766 2897 1836 2944 ita
1849 2896 1950 2944 bel-

463 2985 560 3032 lum
601 2989 771 3031 contra
809 2982 1065 3030 christiani
1099 2982 1304 3030 nominis
1342 2982 1514 3029 hostes
1555 2979 1822 3043 gerendum
1854 2984 1950 3028 sta-
