2112 3288
734 170 799 203 DE
826 170 934 202 mm.
963 169 1075 203 VNG.
1103 169 1212 202 DEC.
1240 170 1306 204 XI.
1331 171 1375 204 L.
1402 171 1451 204 11.
1533 161 1542 165 ’
1726 160 1847 210 ’319

342 285 559 335 conclusi
585 300 645 334 ac
673 284 739 334 ad
764 286 990 333 effectum
1019 285 1213 334 deducti
1237 286 1448 334 fuerunt.
1480 287 1558 335 Ea
1582 288 1673 337 fuit
1700 305 1851 340 causa

342 370 599 434 quominus
625 369 889 434 postulatis
926 369 1210 432 optatisque
1237 369 1421 418 vestris
1448 371 1850 435 satisfecerimus

340 469 509 504 verum
546 453 774 503 nuncium
810 456 1030 502 vestrum
1069 458 1292 502 amanter
1338 452 1401 500 ad
1439 467 1528 502 vos
1554 455 1846 505 remisimus,

337 536 565 601 Denique
592 552 682 586 vos
710 535 975 599 diligenter
989 534 1242 584 hortamur
1268 540 1317 584 et
1338 535 1579 584 benevole
1600 552 1848 601 rogamUS,

340 626 394 671 ut
420 621 584 671 domui
617 619 926 678 Austriacae,
958 619 1095 669 cuius
1124 619 1429 682 dignitatem,
1466 635 1657 682 nomen,
1685 624 1847 687 splen-

338 707 522 768 dorem,
563 710 613 755 et
640 704 1055 754 existimationem
1086 705 1222 753 Deus
1263 704 1475 768 optimus
1518 705 1760 756 maximus
1798 707 1847 755 in

337 794 443 840 toto
481 790 602 839 orbe
646 787 932 838 Christiano
972 803 1094 852 prae
1134 788 1314 837 ceteris
1353 788 1635 838 nationibus
1673 791 1848 840 clario-

335 889 438 923 rem
465 873 693 934 reddidit,
733 888 924 922 omnem
963 872 1331 921 observantiam
1371 877 1420 920 et
1444 872 1679 922 honorem
1706 873 1847 922 exhi-

334 959 469 1015 bere,
496 962 545 1007 et
571 956 885 1021 gratificandi
921 956 1132 1006 studium
1160 957 1353 1020 offerre,
1386 972 1574 1021 vosque
1600 958 1762 1006 favori
1787 974 1846 1007 ac

333 1041 609 1106 patrocinio
646 1042 780 1090 illius
818 1040 1037 1090 familiae
1077 1041 1380 1090 committere
1418 1057 1515 1090 non
1555 1042 1843 1103 gravemini.

333 1125 412 1175 De
438 1125 581 1174 nobis
609 1131 784 1186 autem,
811 1125 1088 1189 ubicunque
1115 1125 1596 1187 locorumfuerimuS,
1627 1141 1686 1174 ea
1700 1126 1841 1175 vobis

330 1209 559 1274 polliceri
584 1213 633 1258 et
658 1223 863 1272 sperare
889 1208 1130 1272 poteritis,
1158 1209 1284 1272 qu'ae
1312 1209 1375 1258 ab
1403 1209 1584 1274 optimo
1614 1214 1664 1258 et
1681 1225 1843 1259 aman-

330 1293 524 1343 tissimo
549 1293 707 1342 fratre
736 1293 1052 1357 expectanda
1090 1298 1138 1341 et
1175 1293 1547 1356 praesentanda
1586 1299 1723 1355 sunt,
1764 1295 1842 1343 cui

331 1378 573 1442 obsequia
610 1383 660 1427 et
697 1377 861 1427 officia
897 1382 1069 1426 nostra
1111 1392 1283 1426 rursus
1323 1378 1494 1426 sedulo
1535 1379 1840 1427 commenda-

329 1477 453 1526 mus,
481 1478 688 1526 eumque
715 1462 797 1511 diu
823 1477 882 1511 ac
906 1461 1119 1510 feliciter
1144 1463 1312 1510 valere
1339 1466 1580 1526 optamus.
1608 1462 1704 1511 His
1728 1462 1837 1512 lite-

327 1546 400 1595 ris
436 1546 486 1595 in
513 1545 772 1595 Poloniam
809 1545 990 1606 missis,
1039 1545 1120 1592 vel
1158 1545 1284 1594 mitti
1333 1545 1560 1607 decretiS,
1586 1561 1647 1595 ac
1686 1546 1836 1595 rebus

327 1630 554 1679 omnibus
581 1645 671 1694 pro
698 1629 848 1679 animi
874 1628 1234 1692 deliberatique
1261 1628 1338 1677 sui
1365 1629 1560 1678 consilii
1587 1630 1832 1679 sententia

328 1714 598 1780 dispositis,
625 1699 939 1778 paucissimis
967 1727 1165 1762 suorum
1193 1711 1452 1774 comitatus
1494 1711 1743 1762 Ecsedum
1767 1712 1834 1761 ad

327 1796 635 1863 Stephanum
663 1795 951 1846 Bathorium
979 1801 1260 1860 cognatum,
1290 1812 1349 1845 ac
1374 1797 1486 1846 inde
1516 1835 1526 1845 .
1556 1834 1565 1844 .
1597 1833 1607 1844 .
1636 1834 1645 1845 .
1675 1795 1832 1860 Sigis-

324 1883 532 1933 mundus
557 1883 813 1953 profectus
841 1887 930 1931 est.
973 1881 1256 1946 Stephanus
1290 1882 1467 1932 Josica
1506 1880 1831 1931 Szakmarum

326 1967 580 2029 abductae,
608 1982 668 2016 ac
692 1966 763 2014 ibi
789 1966 1042 2016 custodiae
1068 1967 1298 2016 traditus.

927 2167 1205 2179 ,—.-..-..

763 2326 997 2377 OAPVT
1036 2325 1382 2388 QVINTVM.

322 2436 400 2485 De
424 2437 635 2487 tumultu
663 2436 905 2486 Varadim'
930 2438 1152 2499 excitato,
1180 2437 1431 2501 eodemque
1450 2454 1545 2501 per·
1568 2435 1827 2487 Caesareos

874 2520 1082 2588 Leyatos
1106 2522 1283 2571 sedato.

464 2640 692 2691 Nondum
731 2640 1077 2705 Sigismundus
1118 2641 1360 2705 Princeps
1409 2640 1588 2689 finibus
1626 2641 1822 2705 provin-

320 2715 426 2774 ciae
453 2730 754 2788 excesserat,
794 2741 938 2790 quum
969 2725 1321 2783 Varadienses,
1348 2723 1612 2774 occasione
1640 2724 1822 2773 disces-

320 2823 405 2858 sus
431 2807 678 2873 Principis
705 2810 935 2859 utendum
962 2810 1072 2870 rati,
1111 2826 1172 2858 ne
1201 2807 1447 2856 Catholici
1485 2823 1646 2856 annua
1682 2823 1822 2871 prae-

319 2892 586 2957 scriptione
636 2893 686 2941 in
723 2895 1042 2958 possessione
1081 2892 1254 2942 sacelli
1293 2892 1547 2956 superiore
1585 2908 1713 2941 anno
1752 2891 1822 2940 ibi

316 2978 590 3042 comparati
628 2977 1055 3041 confirmarentur,
1095 2978 1260 3027 missis
1301 2977 1363 3027 ad
1402 2992 1486 3026 eos
1525 2977 1731 3039 nunciiS,
1768 2982 1822 3026 ut
