2112 3288
603 214 668 245 ΒΕ
694 214 801 246 REB.
830 214 943 247 VNG.
970 215 1078 248 nnc.
1106 216 1152 248 x.
1183 217 1221 248 12.
1253 217 1299 250 x.
1515 201 1524 205 ’
1602 203 1713 254 265

201 328 408 379 simulac
438 329 630 378 finitimi
657 329 857 379 Turcae
897 336 1045 394 atque
1097 331 1298 381 Tartari
1338 349 1399 382 ex
1438 334 1569 383 fumo
1603 352 1707 385 rem

199 419 550 476 cognoverant,
584 414 652 463 ibi
681 428 798 463 vero
826 413 1043 463 vidisses
1070 420 1270 464 nostros
1296 416 1445 480 longe
1459 419 1706 479 maiorem,

159 556 166 559 „
187 511 346 562 *quam
370 512 462 562 pro
487 512 707 561 numere,
734 498 947 547 hostium
974 503 1195 562 stragem
1221 499 1454 562 edidisse,
1480 517 1571 551 nec
1595 509 1708 553 ante

194 582 386 646 ingenti
405 597 574 632 eorum
599 599 803 632 numero
821 584 1262 648 ferocissimaeque
1289 586 1446 635 rabiei
1474 587 1706 648 cessisse,

111 673 119 681 '
197 667 354 718 donec
377 668 584 732 pulvere
608 668 927 716 tormentario
967 667 1162 719 defecti,
1202 684 1310 718 cum
1349 668 1469 718 nihil
1501 685 1708 734 usquam

195 751 306 817 opis
332 765 539 816 sperare
564 756 786 816 possent,
811 752 862 800 in
878 753 1048 816 fugam
1063 768 1118 802 se
1145 754 1472 803 coniecerunt.
1499 755 1578 803 Ita
1591 770 1708 819 pau-

197 835 270 886 cis
296 851 360 886 ex
384 840 523 886 tanto
547 851 749 887 numero
788 837 969 902 partim
1007 837 1072 887 ad
1098 838 1395 899 Danubium,
1435 838 1614 903 partim
1641 839 1705 888 ad

193 917 351 985 Alpes
374 920 498 984 fuga
522 920 728 986 elapsis,
756 922 910 972 ceteri
936 938 1105 972 omnes
1130 922 1274 972 foede
1299 923 1449 985 ferre,
1477 923 1696 987 sagittis-

195 1020 291 1069 que
317 1005 566 1071 absumpti
591 1005 744 1056 fuere.

642 1293 878 1346 OAPVT
919 1295 1260 1348 DECIMVM.

196 1403 272 1452 De
321 1404 622 1469 expeditione
659 1404 943 1456 Mahometz's
982 1405 1087 1456 III.
1149 1407 1382 1457 Caesaris
1428 1409 1703 1458 Turcarum

454 1494 505 1537 in
539 1490 841 1555 anarz'am,
871 1493 1199 1557 Hatvanoque
1230 1495 1437 1542 incenso.

335 1595 500 1662 Capto
526 1598 575 1648 in
602 1598 731 1649 hunc
755 1599 950 1648 modum
977 1600 1230 1659 Hatvan0‚
1257 1601 1585 1651 deliberatum
1611 1602 1704 1651 fuit

187 1681 239 1730 in
265 1682 488 1745 concili0,
515 1685 800 1748 placeretne
838 1686 1008 1735 ruinas
1048 1686 1179 1736 arcis
1217 1687 1507 1748 restaurari,
1540 1703 1604 1736 an
1631 1692 1702 1736 to-

192 1771 291 1816 tum
319 1767 490 1817 everti.
531 1767 805 1833 Postquam
843 1771 998 1819 variis
1036 1771 1086 1819 in
1113 1775 1370 1834 utramque
1406 1775 1601 1835 partem
1627 1788 1703 1820 ar—

190 1851 440 1914 gumentis
467 1858 706 1903 certatum
745 1854 849 1913 fuit,
888 1855 1047 1904 visum
1085 1861 1163 1905 est
1198 1855 1598 1920 prudentioribus
1640 1857 1703 1905 ob

188 1935 453 1985 adventum
479 1935 719 1988 Caesaris
746 1944 899 1988 totam
925 1939 1145 1988 funditus
1173 1939 1343 1999 deleri,
1370 1940 1466 1989 hac
1491 1939 1703 1989 maxime

188 2019 250 2069 de
276 2035 442 2082 causa,
469 2022 600 2086 quod
626 2038 939 2087 nequaquam
966 2039 1075 2072 eam
1101 2024 1171 2073 ita
1197 2023 1385 2072 firmari
1410 2039 1562 2089 posse
1588 2040 1701 2088 pru-

187 2103 438 2155 dentiores
464 2105 703 2168 viderent,
731 2113 788 2156 ut
813 2107 1026 2172 impetus
1053 2108 1305 2171 copiarum
1332 2106 1569 2157 Caesaris
1596 2123 1700 2158 sus-

185 2188 344 2238 tinere
377 2195 564 2254 posset.
616 2192 1068 2258 Appropinquabat
1106 2193 1235 2242 enim
1275 2191 1468 2243 Caesar
1508 2194 1696 2243 Turca-

187 2288 295 2322 rum
321 2289 429 2323 cum
455 2275 712 2325 innumera
739 2277 985 2326 hominum
1012 2277 1336 2338 multitudine,
1365 2277 1547 2342 quippe
1574 2292 1702 2342 quae

184 2356 250 2405 ad
274 2357 546 2422 quingenta
582 2360 739 2410 millia
782 2361 1024 2410 excedere
1064 2362 1215 2424 vulgo
1266 2365 1536 2426 putaretur.
1591 2360 1701 2422 Quo

184 2454 306 2490 vero
334 2442 486 2492 tutius
512 2443 621 2507 ipse
649 2460 755 2494 cum
777 2446 961 2495 robore
975 2445 1223 2495 exercitus
1238 2446 1332 2495 iter
1345 2446 1546 2507 faceret,
1575 2444 1699 2495 Oza-
1767 2465 1773 2468 ’

111 2568 113 2570 .
186 2523 346 2574 ferum
382 2525 596 2576 Bassam
633 2527 887 2578 Vezirium
938 2520 1049 2579 cum
1096 2530 1193 2578 XL
1245 2529 1698 2591 selectissimorum,

191 2607 410 2672 equitum
434 2611 653 2661 millibus
669 2613 1011 2678 praemiserat,
1036 2618 1154 2664 utet
1170 2619 1490 2664 commeatum
1504 2614 1698 2663 univer-

191 2692 263 2741 sis
290 2693 449 2758 copiis
475 2695 640 2746 Bassa
664 2704 1004 2762 praepararet,
1047 2704 1097 2748 et
1123 2699 1285 2747 omnia
1316 2699 1464 2761 longe
1495 2698 1693 2761 lateque

189 2778 493 2841 explorando
519 2779 735 2830 hostium
774 2783 985 2832 consilia
1018 2787 1354 2847 cognosceret.
1408 2781 1489 2830 Ad
1514 2780 1697 2831 Zolno-

185 2859 302 2910 kum
339 2861 436 2910 iam
462 2868 570 2912 erat
594 2863 760 2913 Bassa
786 2867 1033 2927 Vezirius‚
1080 2882 1226 2930 quum
1252 2866 1538 2914 Hatvanum
1580 2866 1694 2914 diri-

112 2976 119 2981 s
182 2949 396 3007 peretur.
425 2947 600 3010 Itaque
627 2963 734 2997 cum
772 2949 823 2998 id
849 2956 983 3000 certo
1023 2951 1088 3000 ad
1114 2950 1505 2998 Maximilianum
1532 2950 1695 3013 perla-

179 3030 282 3076 tum
308 3034 458 3091 esset,
485 3030 816 3096 disceptatum
853 3039 931 3085 est
966 3034 1051 3085 diu
1087 3035 1137 3083 in
1164 3033 1398 3084 consilio:
1425 3038 1687 3101 expectan-
