2112 3288
427 168 530 219 150
957 186 1020 216 10.
1051 184 1185 216 Dsscn
1211 183 1407 216 BARovn

424 296 749 364 vorum⁵parte
774 301 920 360 exuti,
946 302 1126 349 Istrum
1143 299 1396 348 confestim
1410 299 1664 360 traiecere,
1680 305 1729 348 et
1745 296 1831 364 (in)
1846 301 1918 348 ul-

425 385 605 432 teriore
651 383 863 432 fluminis
911 388 1054 447 parte
1105 382 1168 431 ad
1220 380 1634 431 Oroz-Czikinum
1686 382 1916 447 oppidum

425 466 700 515 Turcarum
739 470 905 514 castra
942 479 1164 527 posuere.
1205 464 1398 512 Turcae
1438 463 1754 514 vehementer
1787 463 1928 514 Tar-

426 555 644 599 tarorum
670 546 881 595 adventu
932 545 1109 608 gavisi,
1173 545 1365 608 magnis
1402 546 1632 609 precibus
1671 564 1701 596 a
1732 545 1918 596 Chamo

429 647 594 683 eorum
619 629 911 694 petiverunt,
936 643 997 676 ne
1025 643 1113 676 suo
1140 627 1363 676 discessu
1395 629 1563 677 urbem
1590 634 1690 679 tam
1723 630 1943 693 opulens

428 723 529 766 tam
555 714 772 779 praedae
799 711 1098 762 Christianis
1123 712 1470 776 relinquerent.
1499 715 1681 764 Verum
1706 714 1792 764 ille
1807 729 1927 764 con-1

430 798 629 863 temptis
649 798 922 846 Turcarum
941 796 1188 861 precibus,
1204 795 1397 859 sibique
1412 813 1472 845 ac
1497 797 1599 846 suis
1624 797 1803 862 potius,
1838 797 1922 862 qui

430 884 481 932 in
508 898 614 932 eam
635 881 938 946 'paucitatem
963 880 1062 929 iam
1086 879 1273 928 redacti
1297 879 1506 941 fuerant,
1525 896 1670 943 quam
1683 880 1922 945 alienige-

430 967 522 1028 nis,
547 982 704 1029 neque
732 965 791 1014 de
817 979 871 1013 se
897 965 1021 1012 bene
1047 963 1234 1012 meritis
1262 965 1607 1014 consulendum
1633 970 1784 1027 ratus,
1824 966 1923 1016 col-

430 1050 574 1098 lectis
600 1049 736 1098 vasis
764 1048 813 1096 in
841 1063 979 1097 suam
1006 1062 1061 1095 se
1087 1047 1340 1110 regionem
1358 1048 1556 1111 recepit,
1581 1048 1785 1097 multum
1811 1064 1924 1098 con-

434 1148 658 1196 querens,
710 1131 840 1194 quod
866 1134 965 1179 tam
990 1131 1175 1194 perfide
1203 1147 1232 1179 a
1271 1128 1452 1180 Sinano
1493 1130 1726 1195 deceptus
1758 1130 1922 1181 deser-

431 1220 611 1279 tusque
660 1215 876 1263 maxima
927 1229 1123 1263 suorum
1172 1219 1313 1279 parte
1352 1214 1560 1274 amissa,
1611 1214 1853 1279 inglorius
1876 1215 1928 1267 in

434 1296 645 1362 patriam
680 1296 845 1347 redire
872 1300 1144 1359 cogeretur.

856 1613 1088 1663 OAPVT
1128 1614 1505 1667 SEPTIMVM.

441 1747 517 1795 De
543 1749 731 1796 incenso
760 1747 1043 1811 direptoque
1084 1744 1450 1807 Oroz-sz‘lcim,
1479 1747 1682 1812 aliisque
1699 1748 1931 1798 Transal-

827 1829 1051 1892 pinorum
1077 1829 1547 1893 depopulationibus.

607 1960 868 2023 Digressis
896 1964 1035 2008 trans
1063 1961 1244 2008 Istrum
1284 1960 1609 2009 Tartarorum
1647 1961 1816 2026 copiis,
1843 1962 1934 2012 Mi-

442 2046 610 2102 chael‚
669 2044 1019 2093 communicato
1071 2058 1176 2092 cum
1214 2044 1400 2092 Ioanne
1437 2044 1610 2092 Beldio
1661 2045 1936 2110 ceterisque

445 2129 655 2177 ducibus
693 2128 911 2188 consilio,
940 2127 1166 2188 vestigiis
1197 2127 1487 2189 fugientium
1515 2127 1838 2177 insistendum
1859 2145 1939 2178 ra*

445 2218 537 2270 tus,
564 2211 746 2259 Istrum
771 2211 882 2274 pari
908 2210 1118 2259 audacia
1142 2210 1338 2258 traiecit
1363 2215 1412 2258 et
1426 2209 1839 2261 Oroz-Ozikinum
1854 2227 1937 2276 op-

442 2292 607 2357 pidum
645 2293 694 2340 in
731 2293 967 2342 ulteriore
1006 2293 1223 2342 Danubii
1260 2293 1371 2357 ripa
1410 2293 1557 2342 situm
1600 2294 1937 2358 imprimisque

445 2378 723 2440 opulentum
748 2377 962 2440 diripere
988 2377 1170 2425 statuit.
1198 2376 1307 2435 Qua
1331 2392 1386 2426 re
1412 2377 1611 2439 cognita
1638 2377 1833 2427 Turcae
1874 2378 1939 2426 ad

446 2463 636 2524 septem
663 2459 858 2507 circiter
882 2459 1036 2507 millia
1063 2459 1334 2519 coadunati,
1362 2464 1411 2507 et
1437 2460 1640 2522 egregie
1667 2461 1816 2510 armis
1840 2465 1940 2510 tor-

447 2542 720 2606 mentisque
746 2542 938 2591 bellicis
977 2542 1160 2614 muniti,
1199 2542 1468 2607 assumptis
1496 2543 1643 2592 etiam
1670 2560 1731 2593 ex
1757 2544 1937 2607 Bulga-

452 2641 618 2675 rorum
667 2630 1038 2689 ceterorumque
1091 2626 1395 2675 subditorum
1434 2642 1634 2676 numero
1675 2627 1943 2677 selectissi-'

449 2709 541 2757 mis
572 2709 857 2773 quibusque,
910 2725 1015 2758 cum
1044 2708 1140 2758 iam
1163 2709 1272 2757 urbi
1311 2714 1507 2760 nostros
1546 2711 1943 2775 appropinquare

451 2791 741 2849 sensissent,
768 2792 1001 2841 audacter
1038 2792 1088 2840 in
1128 2806 1380 2841 occursum
1406 2792 1706 2856 prodierunt,
1734 2791 1942 2858 disposi-

451 2873 612 2937 tisque
640 2874 690 2923 in
717 2875 845 2925 colle
873 2874 1085 2939 quodam
1123 2876 1379 2925 tormentis
1419 2876 1686 2936 curulibus,
1713 2876 1943 2941 impetum

452 2962 733 3011 nostrorum
759 2959 952 3010 fortiter
993 2958 1221 3025 excipere
1272 2959 1385 3010 nisi·
1405 2964 1530 3009 sunt.
1580 2958 1699 3010 Mox
1736 2974 1844 3014 cum
1879 2958 1943 3010 ad
