2112 3288
462 176 563 227 202
995 195 1059 229 10.
1083 195 1214 228 nmen
1239 195 1430 230 BARovn

881 405 1111 457 OAPVT
1148 400 1503 468 QVARTVM.

562 525 638 575 De
655 526 958 592 profectione
983 529 1233 592 Principis
1256 527 1555 594 Siyismetndi
1579 529 1629 577 in
1653 538 1812 579 castra

970 610 1409 660 Feketekalmensia.

595 729 689 778 His
713 729 858 779 rebus
884 730 1094 793 acceptis
1120 728 1354 793 Princeps
1380 727 1570 779 Siculos
1608 745 1793 791 omnes,
1832 732 1915 795 qui

457 819 563 864 octo
589 814 786 863 sedibus
813 815 1127 875 continentur,
1155 830 1290 863 arma
1326 829 1514 863 sumere
1551 814 1702 875 iubet,
1745 829 1926 880 eosque
1955 842 1957 845 ·

453 898 502 947 in
529 898 705 948 castris
719 898 1047 947 Barcensibus
1074 902 1235 947 castra
1261 898 1431 946 metari
1456 899 1664 947 mandat.
1691 898 1753 947 Ei
1777 913 1922 963 nego-

453 982 517 1030 tio
542 986 644 1031 tres
668 982 960 1032 authoritate
985 982 1204 1045 insignes
1228 981 1359 1030 viros
1384 982 1627 1045 praeficit:
1653 982 1912 1032 Balthasa-

451 1080 551 1114 rem
577 1066 885 1130 Bogathium,
918 1066 1230 1116 Benedictum
1256 1065 1561 1126 Mindszenti,
1595 1070 1643 1114 et
1679 1065 1922 1130 Volfgan-

450 1166 564 1214 gum
589 1151 888 1212 Kornisium,
916 1152 1089 1216 quibus
1115 1155 1290 1216 postea
1316 1155 1363 1198 et
1389 1148 1686 1214 Stephanum
1725 1149 1925 1201 Tholdi-

450 1250 529 1284 um
554 1235 786 1285 adiunxit.
815 1234 912 1285 Sed
938 1241 985 1284 et
1013 1236 1218 1299 ipsemet
1242 1233 1477 1297 Princeps
1502 1232 1642 1282 XVI.
1669 1231 1916 1285 Calendas

451 1317 751 1383 Septembris
776 1316 908 1369 Alba
931 1320 1056 1369 Iulia
1089 1334 1194 1368 cum
1231 1317 1402 1367 aulicis
1442 1317 1543 1366 suis
1581 1301 1733 1382 copiis
1767 1319 1919 1384 impe-

446 1402 764 1467 dimentisque
791 1404 1009 1454 omnibus
1037 1402 1294 1463 excedens,
1322 1401 1507 1451 modico
1533 1401 1707 1452 itinere
1735 1402 1804 1451 ad
1831 1401 1919 1452 Sa-

448 1488 618 1536 besum
655 1492 818 1537 castra
854 1489 996 1549 locat,
1045 1491 1098 1536 ut
1135 1501 1222 1536 suo
1261 1485 1485 1550 exemplo
1538 1490 1727 1536 ceteras
1764 1485 1926 1550 Regni

447 1571 613 1635 copias
651 1572 998 1636 quamprimum
1038 1576 1277 1621 evocaret.
1318 1571 1394 1619 Ibi
1419 1570 1657 1635 postridie
1684 1571 1787 1620 eius
1814 1571 1924 1633 diei,

446 1653 544 1702 tria
581 1653 721 1703 simul
755 1655 932 1719 accipit
970 1654 1363 1718 auspicatissima
1400 1654 1587 1708 nuncia,
1625 1654 1828 1718 primum
1866 1655 1925 1705 de

447 1737 608 1802 Lippa
645 1742 801 1802 capta,
842 1738 1047 1787 alterum
1088 1739 1146 1787 de
1170 1737 1435 1803 profligata
1485 1741 1638 1801 parte.
1677 1738 1927 1802 copiarum

448 1819 628 1882 Sinani,
664 1822 856 1871 tertium
886 1821 945 1871 de
970 1822 1319 1886 remig-ratione
1354 1821 1686 1869 Tartarorum.
1726 1820 1822 1869 His
1849 1837 1923 1871 re·

444 1908 535 1956 bus
560 1921 856 1971 magnopere
883 1907 1183 1956 exhilaratus
1198 1906 1451 1969 Princeps,
1477 1905 1714 1971 postridie
1728 1904 1921 1956 Sabeso

447 1991 608 2052 movit,
636 1994 684 2039 et
720 1990 874 2039 sextis
913 1991 1086 2039 castris
1111 1991 1161 2039 in
1195 2006 1392 2055 campos
1430 1991 1705 2040 Barcenses
1743 1990 1807 2040 ad
1844 2005 1926 2055 op-

445 2074 607 2139 pidum
657 2074 1011 2124 Feketehalom
1062 2075 1310 2139 pervenit,
1373 2074 1537 2137 ibique
1587 2073 1772 2123 auxilia
1821 2088 1927 2123 cum

445 2158 778 2223 provincialia,
828 2163 927 2208 tum
965 2163 1167 2207 externa
1216 2158 1509 2223 praestolari
1547 2159 1729 2208 statuit.
1773 2158 1927 2207 Inter-

446 2258 505 2292 ea
552 2247 739 2306 partem
780 2243 1021 2292 exercitus
1060 2258 1166 2292 cum
1227 2242 1583 2307 impedimentis
1645 2242 1926 2305 praemittit,

446 2327 590 2376 etiam
627 2327 834 2390 ipsemet
869 2327 1023 2391 primo
1065 2342 1253 2390 quoque
1290 2331 1505 2390 tempore
1558 2325 1810 2390 suppetias
1851 2326 1922 2375 eis

441 2411 643 2460 laturus.
672 2410 855 2470 Nostri,
883 2411 1107 2473 quamvis
1133 2411 1347 2474 impares
1364 2409 1491 2457 hosti
1511 2423 1708 2457 numero
1737 2414 1914 2464 essent,

443 2499 604 2543 tamen
629 2496 766 2542 tanta
792 2492 1010 2561 bonitate
1036 2493 1150 2541 freti
1175 2508 1364 2541 manum
1404 2507 1509 2541 cum
1534 2492 1772 2541 Barbaris
1810 2507 1918 2541 con-

446 2593 610 2627 serere
623 2592 718 2626 non
735 2581 1063 2640 recusassent,
1077 2576 1125 2624 ni
1141 2576 1357 2639 graviter
1372 2592 1402 2624 a
1417 2575 1643 2639 Principe
1659 2575 1918 2624 iniunctum

444 2646 545 2710 illis
568 2662 705 2715 foret,
731 2676 792 2709 ne
816 2661 1056 2709 fortunam
1085 2664 1196 2708 ante
1223 2659 1481 2708 adventum
1508 2674 1646 2708 suum
1671 2658 1917 2722 periclita-

445 2750 622 2795 rentur.
656 2736 823 2804 Quum
860 2749 1018 2793 autem
1058 2743 1247 2792 audiret
1297 2743 1532 2807 Princeps
1583 2742 1823 2791 Tartaros
1874 2747 1923 2791 et

446 2825 687 2879 KOzakos
713 2844 809 2877 una
835 2843 938 2877 cum
964 2827 1162 2876 Polonis
1190 2827 1488 2876 Moldaviam
1514 2827 1763 2887 infestare,
1797 2826 1919 2875 Mol-

446 2914 618 2962 daviae
645 2912 869 2962 Palatino
904 2912 1072 2961 scribit
1085 2913 1274 2961 nomine
1291 2910 1550 2976 Stephano,
1581 2927 1721 2974 quem
1735 2910 1921 2960 Aaroni

444 3001 803 3059 surrogaverat,
843 3002 892 3046 ut
932 2996 1112 3046 coactis
1151 2996 1199 3043 in
1243 2996 1553 3059 provinciam,
1598 2995 1769 3057 quibus
1809 3009 1916 3060 pos-
