2112 3288
876 170 928 215 its
955 171 1146 217 monulfi.
1526 201 1532 204 »
1569 178 1757 222 ΧΧΧΙΧ

254 303 316 353 de
340 298 577 366 Euripide
604 296 768 346 dicere
794 295 1002 356 solebat,
1030 304 1255 359 quotquot
1280 306 1393 345 sunt
1422 297 1623 363 adagio,
1652 298 1760 350 toti-

251 387 356 437 dem
378 392 487 434 sunt
510 381 891 445 sapientissimae
917 380 1179 429 sententiae
1205 397 1262 428 ac
1303 381 1651 444 quodammodo
1691 385 1751 434 di-

246 473 374 522 vina
397 465 615 520 oracula.

308 558 310 562 ’
392 554 499 605 Nec
523 556 602 603 est
636 551 768 617 quod
807 550 1066 615 quisquam
1106 550 1351 600 succisam
1388 552 1764 616 proverbiorum

252 639 540 692 brevitatem
568 639 862 697 contemnat,
891 651 1015 700 quae
1043 640 1177 685 certe
1216 650 1314 684 11011
1340 636 1452 700 ipsa
1491 638 1632 698 mole,
1675 638 1766 687 sed

251 723 430 791 precio,
463 738 524 772 ac
548 721 851 772 sublimitate
878 734 1071 781 sensus,
1097 735 1241 784 quem
1267 720 1468 784 singula
1496 722 1760 783 continent,

251 807 502 861 aestimari
527 807 719 858 debent.
749 804 1168 866 Quemadmodum
1196 805 1324 855 enim
1351 807 1629 869 gemmulae
1656 824 1766 873 per-

247 894 461 962 pusillae
485 898 635 957 atque
661 890 948 942 carbunculi
973 890 1175 940 maioris
1210 906 1406 956 semper
1443 891 1576 952 fiunt,
1618 908 1764 957 quam

247 997 374 1032 saxa
399 977 711 1045 quantumvis
736 976 972 1040 ingentia,
999 981 1048 1025 et
1074 976 1202 1026 sicut
1227 975 1276 1025 in
1305 977 1645 1027 minutissimis
1663 978 1765 1028 ani-

248 1066 496 1118 mantibus
522 1063 681 1114 maius
707 1067 786 1112 est
810 1068 1018 1112 naturae
1043 1061 1345 1123 miraculum,
1385 1061 1429 1110 si
1468 1062 1579 1127 quis
1619 1064 1763 1113 modo

247 1151 453 1219 propius
487 1148 859 1213 contempletur,
900 1162 1045 1211 quam
1083 1146 1134 1196 in
1171 1146 1470 1197 maioribus:
1512 1147 1583 1198 ita
1621 1148 1670 1197 in
1708 1166 1763 1200 re

247 1235 484 1297 literaria,
511 1249 639 1298 quae
664 1233 862 1282 minima
876 1238 1003 1292 sunt,
1031 1247 1183 1296 saepe
1197 1234 1458 1299 plurimum
1471 1234 1660 1299 ingenii
1675 1234 1760 1285 ha-

248 1324 369 1373 bere
393 1318 838 1386 deprehenduntur.

390 1402 522 1465 Quid
536 1402 664 1453 enim
676 1402 756 1451 his
770 1407 870 1452 tam
886 1402 1121 1452 brevibus
1138 1401 1286 1451 dictis
1314 1407 1463 1466 atque
1476 1403 1755 1468 proverbiis

248 1489 396 1551 aliud,
419 1488 643 1554 quamvis
657 1503 748 1553 per
761 1487 1068 1537 involucrum
1087 1487 1347 1551 quoddam,
1364 1487 1593 1549 innuitur,
1611 1504 1758 1553 quam

245 1575 406 1626 solida
430 1574 543 1639 ipsa
566 1571 925 1636 Philosophiae
955 1586 1158 1631 summa,
1189 1587 1334 1636 quam
1360 1575 1434 1621 tot
1461 1569 1753 1637 Sapientiae

243 1658 508 1710 Antistites
535 1662 637 1708 tam
664 1655 1154 1728 multissmagnisque
1181 1655 1510 1706 voluminibus
1537 1656 1753 1707 tradide-

244 1744 394 1796 runt?

381 1829 538 1879 Recte
586 1827 737 1891 igitur
789 1826 980 1876 censuit
1031 1825 1332 1876 Plutarchus
1384 1825 1562 1876 author
1603 1828 1754 1890 longe

238 1914 577 1982 gravissimuS‚
615 1913 813 1980 Adayia
849 1920 1061 1961 veterum
1085 1910 1333 1961 simillima
1371 1929 1465 1961 esse
1503 1915 1744 1977 mysteriis

240 2016 509 2059 sacrorum,
534 1996 612 2046 vel
636 1993 711 2063 (ut
754 1996 1099 2047 Ecclesiastici
1139 1994 1421 2062 Scriptores
1460 1997 1751 2062 loquuntur)

238 2083 554 2134 sacramentis
578 2081 887 2147 quibusdam,
912 2081 963 2130 in
991 2081 1168 2146 quibus
1205 2081 1448 2132 maximae
1489 2083 1750 2148 quaepiam

238 2184 336 2232 res,
361 2184 421 2219 ac
445 2182 652 2233 prorsus
679 2166 889 2228 divinae,
917 2166 1167 2217 minutulis
1209 2183 1269 2216 ac
1292 2166 1344 2215 in
1381 2167 1597 2233 speciem
1622 2183 1749 2233 pene

240 2252 692 2319 contemptibilibus
724 2251 1016 2302 ceremoniis
1043 2251 1317 2315 significari
1344 2252 1519 2301 solent.

384 2336 663 2395 Caeterum,
690 2352 797 2386 cum
813 2335 1090 2387 Proverbia
1104 2337 1168 2387 ad
1181 2337 1557 2402 Philosophiam
1572 2336 1750 2387 condu-

239 2439 353 2475 cere
390 2421 520 2481 dico,
559 2421 666 2471 eius
703 2421 898 2472 nomine
938 2436 1129 2472 omnem
1167 2422 1464 2488 sapientiam
1503 2420 1743 2486 intelligo.

242 2509 420 2560 Nullus
457 2512 535 2558 est
572 2506 699 2557 enim
739 2507 1094 2573 propemodum
1132 2507 1264 2570 orde,
1315 2507 1398 2572 qui
1435 2523 1497 2557 ex
1525 2506 1747 2557 doctrina

241 2590 545 2658 A'dagiorum
569 2607 666 2643 11011
692 2592 879 2658 aliquid
904 2592 984 2642 vel
1011 2592 1239 2643 utilitatis
1278 2592 1490 2655 haurire,
1530 2591 1610 2640 vel
1648 2591 1743 2640 sal-

240 2683 339 2728 tem
363 2677 717 2742 aliquantulum
756 2679 950 2743 gratiae
989 2695 1048 2729 ac
1086 2678 1362 2729 venustatis
1401 2676 1616 2727 sermoni
1654 2690 1743 2724 suo

240 2761 503 2813 conciliare
529 2761 992 2827 deprehenderetur.
1023 2760 1152 2825 Quid
1179 2763 1344 2813 enim‘?
1378 2763 1555 2812 Nonne
1581 2759 1740 2809 Theo-

239 2849 386 2912 logus
413 2862 595 2911 magna
619 2863 726 2898 cum
752 2850 917 2913 gratia
943 2848 1060 2900 suas
1099 2849 1359 2899 conciones
1399 2844 1740 2895 selectissimis

238 2933 378 2983 hisce
404 2931 661 2983 sententiis
684 2932 837 2985 veluti
863 2935 1121 3000 gemmulis
1138 2933 1430 3002 quibusdam
1444 2928 1737 2987 micantibus
