2112 3288
640 179 705 211 DE
730 178 837 213 nnn.
865 177 978 211 vno.
1008 178 1118 212 nne.
1144 179 1191 212 x,
1223 181 1265 214 L.
1294 182 1323 213 1.
1497 199 1505 202 <
1665 170 1730 220 13

229 294 380 347 dibile
406 296 511 357 sit„
536 294 872 355 exhilaratus,
912 295 1084 343 mirum
1111 295 1160 344 in
1192 296 1385 346 modum
1423 298 1523 347 iam
1546 299 1597 348 in
1623 294 1733 349 sinu

227 380 490 444 gaudebat,
518 378 867 429 demonstratis
894 378 1046 441 igitur
1074 378 1132 437 ei,
1161 380 1399 441 omnibus,
1428 397 1554 445 quae
1582 383 1734 446 digna

225 463 337 521 visu
359 464 583 526 iudicari,
610 467 866 530 poterant,
895 464 1068 513 ambos
1095 463 1235 528 ipsos
1263 464 1512 529 legatum,
1540 483 1599 516 ac
1624 484 1734 532 pro-

224 546 432 601 ditorem
470 563 672 598 mensae
711 556 834 608 suae⁴
872 547 1100 608 adhibet,
1142 553 1192 597 et
1230 549 1384 601 variis
1424 551 1732 600 sermonibus

221 631 351 685 inter
377 633 551 699 epulas
589 631 802 693 habitis,
844 631 988 696 quasi
1015 631 1225 681 amicum
1266 649 1388 698 erga
1415 649 1500 683 eos
1540 636 1734 685 foveret

223 715 462 779 animum,
489 718 624 784 laute
650 717 790 782 ipsos
818 716 1012 781 accipit.
1051 717 1171 765 Mox
1197 717 1382 767 mensis
1408 719 1625 779 remotis,
1663 720 1732 768 iu-

220 800 308 851 bet
329 804 588 867 utrumque
628 801 867 851 acerrime
893 800 1094 861 vinciri,
1135 800 1428 867 vinctosque
1455 818 1545 868 per
1569 804 1731 853 fenes-

219 887 328 934 tras
363 884 541 951 palatii
581 885 632 935 in
659 884 844 934 Savum
871 883 1073 933 fluvium
1099 899 1266 934 muros
1303 887 1567 936 alluentem
1592 903 1733 952 prae-

221 967 432 1034 cipitari.
473 969 682 1019 Exactis
708 973 886 1034 postea
922 968 1114 1032 aliquot
1140 969 1330 1031 diebus,
1357 971 1528 1021 mirari
1553 972 1732 1033 Bassa,

219 1059 270 1106 et
294 1069 402 1104 cum
425 1054 709 1119 praecipuis
736 1067 963 1115 suorum,
992 1067 1079 1102 cur
1104 1053 1304 1103 nuntius
1333 1056 1506 1120 elapso
1532 1060 1607 1105 tot
1634 1057 1732 1106 die-

217 1154 326 1190 rum
351 1139 616 1189 intervallo
645 1138 709 1188 ad
735 1154 791 1188 se
817 1153 916 1187 non
941 1142 1292 1199 reverteretur,
1322 1139 1615 1204 disquirere,
1642 1142 1731 1190 ita-

220 1238 316 1289 que
341 1223 494 1274 misso
521 1218 695 1274 altero
714 1222 886 1273 nuntio
924 1222 1191 1287 imperiose
1227 1224 1490 1274 denunciat
1527 1224 1730 1286 Abbati,
1795 1204 1803 1210 ’

219 1323 279 1358 ac
316 1307 525 1359 adiectis
563 1323 653 1373 pro
694 1307 996 1357 authoritate
1036 1307 1206 1368 minis,
1249 1307 1400 1370 sciat,
1429 1324 1504 1370 se,
1533 1310 1577 1358 si
1602 1310 1731 1360 forte

220 1407 327 1443 eum
355 1393 709 1443 contumeliose
736 1391 1109 1456 intercepisset,
1149 1393 1286 1456 pari,
1327 1397 1412 1442 aut
1445 1393 1593 1443 etiam
1632 1410 1730 1444 ma-

218 1477 324 1528 iore
348 1477 401 1527 id
436 1478 647 1541 factum,
685 1477 867 1527 iniuria
904 1482 1332 1542 compensaturum
1370 1493 1497 1528 esse.
1538 1477 1729 1539 Abbas,

222 1562 495 1628 composito
522 1563 587 1612 ad
611 1561 1000 1613 moderationem
1027 1562 1181 1623 vultu,
1209 1563 1491 1627 respondit,
1532 1578 1587 1612 se
1613 1579 1728 1612 nun·

219 1647 339 1697 tium
376 1664 441 1698 ex
465 1664 581 1697 arce
607 1648 801 1697 omnino
829 1647 1083 1707 emisisse,
1125 1647 1256 1711 quod
1283 1647 1327 1696 si
1353 1648 1396 1696 is
1424 1648 1489 1696 ad
1506 1648 1730 1697 Bassam

218 1747 317 1783 non
343 1733 652 1794 revertisset,
681 1733 786 1783 eius
801 1747 856 1782 se
883 1731 1103 1781 criminis
1124 1731 1257 1781 haud
1283 1748 1530 1796 quaquam
1556 1732 1729 1782 teneri.

218 1818 424 1869 Interim
459 1819 722 1884 pollicetur
749 1810 835 1880 se,
867 1818 1099 1882 quoniam
1132 1832 1331 1867 suarum
1370 1817 1527 1881 probe
1555 1817 1731 1865 virium

219 1903 460 1966 cousciUS,
488 1919 653 1954 arcem
679 1903 888 1953 ulterius
914 1890 1043 1952 tueri
1069 1917 1166 1951 non
1183 1907 1371 1966 posset,
1399 1917 1507 1951 eam
1534 1901 1729 1951 omnino

220 1991 416 2042 Bassae
449 1988 769 2048 traditurum,
809 1988 901 2037 sed
925 1988 1004 2036 his
1031 1987 1423 2046 conditionibus,
1463 1992 1516 2036 ut
1555 1992 1729 2036 exacto

217 2074 408 2136 tridu0,
434 2074 632 2124 nonnisi
658 2073 1016 2123 selectissimos
1045 2087 1107 2121 ex
1133 2072 1264 2122 omni
1282 2123 1286 2126 ,
1303 2086 1502 2121 suorum
1528 2086 1729 2121 numero

218 2173 455 2223 proceres
493 2158 559 2208 ad
583 2157 921 2222 accipiendam
960 2172 1126 2206 arcem
1153 2156 1397 2216 mitteret,
1437 2171 1534 2204 non
1571 2171 1728 2221 parvo

219 2242 347 2299 enim
374 2242 606 2292 dedecori
632 2242 730 2292 sibi
762 2243 1005 2303 futurum,
1045 2242 1089 2290 si
1114 2242 1310 2291 infimae
1337 2241 1488 2290 sortis
1527 2241 1731 2290 homini-

218 2326 312 2378 bu's
336 2328 462 2378 tanti
500 2327 732 2378 momenti
770 2327 1030 2378 castellum
1056 2327 1271 2376 dederet.
1311 2326 1505 2376 Placuit
1535 2326 1729 2376 Bassae

217 2413 535 2464 vehementer
573 2412 791 2462 Abbatis
824 2427 1143 2478 responsum,
1170 2412 1406 2473 maxime,
1448 2411 1579 2475 quod
1605 2411 1730 2460 citra

216 2498 369 2548 ullam
394 2496 723 2562 periculorum
750 2497 935 2560 aleam,
974 2501 1078 2545 tam
1103 2496 1289 2545 munita
1328 2510 1382 2544 se
1409 2511 1527 2545 arce
1552 2495 1754 2559 potita--

218 2597 324 2632 rum
350 2586 592 2646 speraret.
631 2581 835 2630 Interim
862 2580 1039 2630 Abbas
1066 2581 1264 2630 indictis
1291 2581 1340 2629 in
1368 2596 1482 2629 arce
1516 2578 1727 2644 publicis

217 2665 463 2732 precibus,
491 2680 633 2731 opem
658 2665 900 2731 imprimis
916 2666 1132 2716 divinam
1156 2666 1412 2730 implorat:
1439 2669 1616 2730 postea
1629 2667 1728 2711 tor-

218 2754 384 2800 menta
408 2750 570 2800 omnia
595 2751 784 2819 maiora
809 2751 1018 2815 pariter,
1046 2767 1106 2800 ac
1130 2751 1321 2815 minora
1348 2765 1495 2814 quam
1521 2747 1727 2810 diligen-

216 2835 408 2886 tissime
432 2835 610 2884 instrui
632 2835 782 2897 iubet,
809 2852 968 2900 eaque
994 2836 1241 2885 vestibulo
1269 2835 1414 2896 arcis,
1443 2848 1588 2897 quam
1613 2832 1725 2880 bar-

217 2919 356 2968 baris
381 2919 662 2968 intrandum
684 2921 968 2970 necessario
996 2926 1130 2980 erat,
1158 2918 1444 2968 infodienda
1472 2921 1636 2973 curat,
1676 2921 1725 2964 et

222 3004 368 3053 simul
394 3003 583 3067 aliquot
620 3004 841 3068 pulveris
868 3005 1174 3054 tormentarii
1209 3003 1413 3052 vascula
1438 3000 1619 3049 ibidem
1646 3016 1729 3064 po·
