2112 3288
357 200 360 201 γ
419 151 519 201 134
947 167 1011 202 10,
1038 167 1170 200 Drion
1194 167 1391 200 BARovn

418 285 469 333 id
495 284 823 335 communibus
863 284 1106 349 expensiS,
1151 284 1408 333 voluerunt
1445 285 1652 356 Romani
1686 285 1897 349 Imperii,

417 374 562 433 atque
610 368 734 418 adeo
796 368 945 417 totius
997 366 1310 417 Christianae
1358 358 1657 432 reipublicae
1708 368 1900 420 unicum

416 450 834 518 propugnaculum
860 466 985 500 esse.
1013 451 1135 500 Eius
1150 451 1507 515 oppugnandae
1523 450 1732 501 Sinanus
1748 452 1900 519 dupli-

419 551 521 585 cem
559 536 798 585 rationem
835 551 1000 584 secum
1047 535 1200 596 inivit,
1227 539 1360 584 terra
1401 540 1545 598 atque
1572 536 1817 587 Danubio.
1842 538 1902 588 In

419 620 682 669 continenti
710 620 901 685 quidem
928 636 1034 669 00111
1058 620 1241 681 fossae,
1294 620 1443 680 valla,
1497 635 1554 669 ac
1593 621 1719 699 muri
1754 622 1902 686 longe

418 706 758 766 robustissimi,
787 710 834 754 et
861 706 924 753 ad
951 704 1235 753 miraculum
1261 719 1416 768 usque
1454 705 1776 768 munitissimi,
1814 722 1904 756 nec

417 788 904 848 tormentisbellicis,
933 803 1134 852 quorum
1148 788 1397 850 ingentem
1415 789 1628 838 habebat
1641 804 1902 853 numerum,

419 887 509 921 nec
533 871 636 920 ulla
662 872 760 920 alia
785 861 976 920 ratione
996 871 1220 935 superari
1245 886 1392 935 posse
1428 872 1722 934 viderentur,
1761 874 1904 923 confi-

421 971 505 1005 sus
529 959 697 1004 tantae
721 954 966 1003 hominum
979 954 1274 1003 multitudini
1301 969 1549 1017 aggerem,
1575 955 1905 1022 tumulumque
1984 978 1987 979 ⁷

421 1055 482 1088 ex
509 1042 682 1101 egesta
708 1044 841 1087 terra
866 1038 1156 1097 faciendum,
1184 1043 1232 1086 et
1257 1037 1407 1086 muris
1446 1038 1803 1089 advoluendum
1827 1055 1905 1092 cu-

419 1122 561 1173 ravit.
587 1122 647 1170 Id
672 1121 893 1186 quamvis
919 1122 1106 1185 ingenti
1131 1122 1303 1170 labore
1328 1121 1481 1180 fieret,
1507 1125 1672 1170 tamen
1699 1129 1906 1187 quatuor

422 1220 573 1254 sexve
600 1204 1016 1255 hebdomadarum
1059 1205 1219 1269 spatio
1257 1204 1308 1252 id
1353 1219 1474 1269 01108
1501 1205 1731 1267 absolvit,
1759 1212 1809 1263 et
1834 1213 1906 1258 tu-

422 1289 577 1337 mulos
603 1303 915 1352 aggeresque
941 1288 1257 1337 admirandae
1283 1288 1648 1351 magnitudinis,
1685 1290 1755 1339 ita
1779 1307 1906 1343 moe-

422 1372 566 1422 nibus
592 1371 822 1433 admovit,
849 1377 902 1422 ut
931 1388 991 1421 ex
1012 1372 1285 1437 propinquo
1313 1372 1407 1421 iam
1437 1388 1496 1422 ea
1532 1375 1784 1424 tormentis
1809 1377 1909 1427 bel·

422 1457 531 1505 licis
556 1455 670 1519 peti,
696 1455 792 1504 imo
820 1461 869 1505 et
896 1456 1046 1505 scalis
1074 1457 1297 1520 superari
1324 1470 1471 1520 posse
1498 1456 1822 1509 crederentur.
1849 1461 1910 1510 In

423 1540 666 1600 Danubi0,
683 1539 764 1603 qui
789 1541 958 1588 urbem
974 1540 1126 1600 alluit,
1152 1540 1222 1588 ita
1248 1539 1661 1604 oppugnationem
1685 1541 1907 1605 instituit,

422 1628 475 1673 ut
513 1623 737 1687 quoniam
786 1623 1018 1687 oppidani
1057 1637 1245 1671 omnem
1285 1638 1422 1694 suam
1460 1623 1724 1674 secundum
1748 1626 1908 1677 Deum

426 1721 561 1770 spem
588 1706 639 1754 in
665 1704 884 1755 Mathiae
912 1706 1218 1767 Archiducis,
1248 1706 1329 1770 qui
1353 1706 1403 1754 in
1435 1707 1667 1756 exteriori
1691 1708 1908 1760 Danubii

424 1791 533 1855 ripa
558 1805 619 1837 ex
644 1790 856 1840 adverso
881 1790 931 1839 in
957 1791 1066 1855 ipso
1092 1791 1228 1839 urbis
1268 1796 1532 1855 conspectu
1570 1797 1735 1841 castra
1759 1794 1906 1844 habe-

426 1876 526 1934 bat,
554 1874 768 1923 exercitu
794 1875 1082 1924 collocatam
1108 1876 1360 1935 haberent,
1385 1875 1515 1924 facto
1541 1881 1702 1939 ponte,
1730 1879 1906 1928 Istrum

426 1958 650 2011 transire,
693 1959 958 2023 copiasque
985 1946 1237 2016 ¹intentare
1278 1959 1516 2008 statuerit.
1571 1958 1670 2009 Sed
1699 1962 1908 2013 navibus

427 2042 638 2091 transire
664 2057 821 2106 neque
849 2044 972 2092 satis
999 2049 1166 2104 tutum,
1194 2059 1351 2107 neque
1378 2044 1499 2092 satis
1525 2044 1671 2093 facile
1704 2046 1911 2096 arbitra-

429 2127 586 2186 batur,
614 2141 772 2189 neque
794 2142 1108 2191 suae,sneque
1136 2128 1456 2192 Imperatoris
1485 2128 1629 2176 etiam
1657 2128 1909 2192 dignitatis

430 2224 542 2258 0880
569 2210 831 2258 statuebat.
859 2210 1033 2275 Itaque
1060 2211 1153 2259 etsi
1180 2226 1364 2260 summa
1403 2211 1663 2260 difficultas
1699 2213 1911 2262 faciendi

429 2292 590 2358 pontis
615 2295 993 2358 proponebatur,
1021 2300 1222 2359 propter
1247 2295 1564 2356 latitudinem,
1582 2296 1909 2360 rapiditatem,

431 2369 827 2440 altitudinemque
869 2378 1097 2433 Danubii,
1128 2379 1335 2427 omnium
1372 2378 1518 2426 totius
1553 2379 1781 2443 Europae
1825 2365 1910 2430 flu-

429 2458 616 2508 viorum
641 2460 855 2509 maximi:
879 2465 1040 2510 tamen
1066 2468 1118 2511 ut
1143 2462 1336 2511 facilius
1362 2462 1529 2510 hostes
1557 2477 1617 2510 ex
1641 2451 1927 2527 improviso*

432 2542 631 2593 adortos
656 2544 967 2608 propelleret,
980 2546 1228 2611 omninoid
1238 2545 1332 2594 sibi
1346 2545 1728 2595 contendendum
1743 2547 1911 2597 existi-

432 2629 612 2681 mabat.
662 2627 919 2678 Rationem
946 2629 1096 2693 igitur
1135 2630 1296 2694 pontis
1320 2629 1446 2678 hanc
1471 2629 1704 2679 instituit:
1742 2638 1911 2681 coacta

431 2713 620 2779 ingenti
647 2712 958 2762 materiarum
984 2713 1138 2777 copia,
1178 2718 1227 2762 et
1265 2713 1437 2762 accitis
1475 2713 1686 2777 undique
1710 2714 1910 2764 artifici-

432 2799 540 2859 buS,
566 2812 718 2846 naves
756 2797 806 2845 in
845 2796 1002 2846 insula
1040 2797 1295 2857 Keviensi,
1335 2797 1543 2861 quinque
1567 2797 1698 2846 infra
1723 2797 1909 2848 Budam

434 2882 728 2931 milliaribus
755 2881 943 2943 dissita,
967 2883 1095 2931 tales
1121 2881 1228 2930 fieri
1252 2897 1431 2944 magna
1469 2886 1574 2931 arte
1611 2882 1834 2943 instituit,
1858 2887 1911 2932 ut

434 2981 611 3031 prorae
637 2972 804 3016 essent
846 2966 1124 3031 angulareS,
1175 2980 1363 3031 puppes
1402 2969 1563 3014 autem
1600 2970 1910 3030 praeacutae,
