2112 3288
607 170 672 204 DE
698 168 926 203 REBNNG.
955 166 1066 200 ΒΕΘ.
1104 166 1151 198 x.
1178 166 1225 198 L.
1254 166 1314 197 lv.
1534 212 1542 216 ἱ
1649 147 1715 197 73

214 304 447 346 successu
473 289 675 352 egisset,
691 289 926 345 maneret,
954 298 1061 332 cum
1088 282 1201 330 aliis
1228 294 1529 330 communem
1556 279 1721 327 facere

210 373 380 434 nollet,
405 372 514 423 sive
543 370 673 435 quod
697 370 768 418 ita
795 385 858 418 ex
884 368 1047 417 animo
1076 365 1299 424 sentiret,
1324 363 1604 413 collaudato
1620 361 1719 410 obi-

210 462 289 509 ter
312 455 562 520 Principe,
600 452 931 516 indicatisque
969 449 1228 516 prosperis
1261 447 1577 497 successibus
1606 445 1723 497 suiS.

211 544 262 589 et
286 539 418 603 quod
430 543 652 604 tempore
676 538 775 588 iam
805 537 938 602 ipsc,
976 548 1133 600 prono
1175 533 1226 582 in
1250 531 1490 597 hyemem,
1519 547 1549 578 a
1575 529 1724 579 rebus

211 617 448 687 gerendis
473 627 743 683 arceretur,
769 624 1070 687 potestatem
1097 618 1143 668 ei
1155 618 1285 676 fecit,
1302 615 1570 665 revocandi
1586 631 1725 664 exer·

213 706 361 768 citus,
389 713 439 757 et
464 707 529 757 ad
555 722 647 756 sua
674 721 916 770 quemque
943 702 1230 762 dimittendi,
1258 717 1319 750 ea
1343 706 1507 749 tamen
1532 699 1728 763 lege,ut

208 791 435 859 proximo
481 807 600 841 vere
639 791 834 850 statim,
887 788 1030 843 simul
1075 790 1222 850 atque
1260 786 1468 835 arbores
1495 783 1546 832 111
1571 783 1722 832 flores

213 880 543 942 erumperent,
571 875 638 925 ad
663 875 811 938 signa
835 873 1069 923 redirent.
1086 869 1304 935 Cognita
1319 869 1416 918 hac
1443 867 1616 919 Sinani
1641 882 1725 916 vo-

197 949 418 1022 lun-tate,
445 964 662 1010 actutum
687 959 938 1009 exercitus
952 955 1209 1009 Varadino
1237 959 1516 1014 revocatus,
1544 951 1726 1017 acipse

159 1097 162 1099 ,
211 1060 405 1110 quoque
434 1044 678 1109 Princeps
706 1043 996 1109 compositis
1024 1057 1114 1092 suo
1140 1047 1363 1106 tempore
1396 1040 1475 1103 iis,
1509 1054 1636 1104 quae
1665 1037 1727 1086 ad

212 1145 382 1181 curam
417 1130 705 1195 provinciae
730 1129 1062 1194 pertinebant,
1085 1126 1483 1187 Albam—Iuliam,
1499 1122 1728 1174 Claudio-

212 1214 330 1280 poli,
355 1215 450 1266 fuit
472 1230 663 1265 versus.

681 1491 917 1543 CAPV'P
959 1487 1264 1542 SEXTVM.

291 1614 514 1664 De‘actis
552 1631 583 1662 a
615 1612 823 1667 Caesare
859 1614 1088 1677 Principi
1104 1610 1440 1677 Transylvano
1468 1609 1652 1673 qratiz'S.

364 1735 494 1785 Dum
521 1733 803 1801 Stephanus
830 1733 1112 1783 Bathoreus
1139 1732 1204 1782 ad
1221 1732 1528 1782 Varadinum
1567 1732 1735 1779 castra

218 1820 442 1880 haberet,
476 1817 864 1869 ⁴Tiffenbachius
905 1817 1163 1882 Vngariae
1202 1816 1475 1881 superioris
1501 1815 1733 1864 Praefec-

217 1910 299 1955 tus
309 1919 401 1970 per
427 1903 657 1954 nuncium
675 1918 816 1952 suum
826 1901 1195 1966 Sigismundum
1215 1900 1492 1950 Pacioltum
1512 1898 1734 1964 Principi

221 1989 608 2052 significaverat,
637 1988 953 2052 Rudolphum
969 1985 1241 2036 Caesarem
1257 1985 1457 2049 cognita
1470 1984 1734 2049 praeclara

223 2073 329 2123 eius
367 2072 420 2121 in
459 2088 515 2121 se
564 2073 834 2133 voluntate,
873 2086 1030 2136 nuper
1070 2071 1116 2119 ei
1151 2071 1202 2119 in
1253 2071 1530 2119 Turcarum
1579 2068 1732 2118 hosti-

164 2197 168 2201 .
219 2158 319 2209 ,lem
345 2155 560 2206 animum
588 2156 868 2220 detegendo
897 2156 1167 2216 declarata,
1211 2170 1267 2203 eo
1306 2154 1568 2203 adductum
1608 2167 1736 2210 esse,

220 2246 275 2291 ut
298 2245 563 2307 postquam
591 2242 869 2291 Turcarum
894 2239 1107 2306 perfidia
1132 2239 1378 2299 incitatus,
1412 2239 1545 2288 bello
1572 2236 1736 2303 potius

221 2340 328 2374 cum
356 2325 430 2374 eis
468 2325 708 2390 experiri,
761 2341 906 2389 quam
946 2325 1038 2374 sub
1077 2323 1218 2389 pacis
1256 2327 1523 2388 praetextu
1564 2326 1739 2387 patere

221 2423 388 2458 eorum
406 2409 610 2463 insidiis
637 2410 688 2459 in
715 2410 876 2460 animo
903 2410 1128 2469 haberet,
1179 2408 1339 2473 ipsius
1380 2422 1574 2472 quoque
1608 2407 1738 2455 inter

221 2492 347 2541 alios
373 2492 632 2559 Principes
661 2492 979 2544 Christianos
1019 2493 1182 2543 studio
1220 2493 1291 2543 uti
1329 2491 1463 2554 velit,
1504 2507 1563 2540 ac
1592 2505 1737 2555 quam

223 2574 322 2623 sibi
357 2591 448 2640 pro
483 2583 669 2627 navata
708 2576 802 2627 hac
841 2593 1008 2642 opera,
1046 2578 1364 2642 imposterum
1399 2577 1573 2635 etiam,
1626 2575 1738 2623 dum

225 2659 474 2708 commodo
500 2675 588 2711 suo
613 2667 792 2726 potest,
818 2661 1136 2726 praestanda,
1166 2660 1381 2723 gratiam
1427 2658 1739 2708 referendam

224 2745 436 2804 putaret,
456 2741 665 2794 Caesari
691 2761 779 2808 per
818 2761 888 2807 se,
940 2746 1022 2809 qui
1063 2746 1112 2794 in
1151 2760 1210 2794 eo
1249 2744 1479 2794 benevoli
1518 2740 1730 2791 hominis

227 2825 391 2876 officio
418 2827 671 2878 functurus
711 2846 835 2893 erga
873 2846 981 2879 eum
1020 2835 1183 2889 esset,
1231 2829 1485 2877 indicaret.
1540 2826 1745 2889 Agebat

227 2911 323 2959 hoc
345 2916 461 2960 tunc
500 2911 887 2974 Tiffenbachius,
926 2914 1056 2977 quod
1095 2913 1267 2977 copias
1309 2910 1738 2975 Transylvanicas

232 2995 296 3044 ad
321 2995 444 3043 fines
471 2994 566 3044 iam
581 3010 898 3062 progressas,
924 3013 985 3047 ne
1014 3014 1158 3065 quam
1197 2998 1246 3045 in
1274 2995 1512 3046 Caesaris
1539 2994 1748 3045 ditiones
