2112 3288
584 221 648 255 DE
674 220 780 256 Rus.
807 222 919 255 vno.
949 222 1059 255 nnc,
1092 222 1157 255 xr.
1187 223 1232 256 L.
1259 223 1289 255 1.
1481 199 1489 202 l
1606 207 1710 271 30‘3

203 339 414 391 consilia
438 339 610 403 regnis
637 352 694 387 ac
719 338 1049 402 potestatibus
1074 338 1230 386 fuisse
1258 338 1512 400 salutaria,
1552 355 1712 404 neque

205 422 354 474 etiam
391 421 494 472 ullo
521 421 666 472 modo
707 435 820 470 esse
846 435 1013 486 posse.
1067 421 1196 470 Nam
1225 421 1353 484 quod
1380 422 1576 485 quidam
1605 439 1711 473 cum

205 505 362 556 exteri
398 510 500 555 tum
538 519 656 554 vero
694 508 958 564 nostrates,
997 504 1167 553 nescio
1208 504 1338 567 quod
1377 504 1529 553 otium
1565 511 1712 570 atque

204 587 518 640 securitatem
545 598 608 638 ex
635 587 852 637 Turcica
879 586 1311 636 confoederatione
1339 587 1436 636 sibi
1452 589 1711 649 somniant,

204 677 309 724 toto
336 677 480 728 certe,
509 669 581 738 (ut
607 667 801 736 dicitur)
854 671 990 719 coelo
1031 687 1061 720 a
1098 671 1311 720 veritate
1350 672 1424 720 rei
1463 673 1716 722 aberrant.

203 756 334 807 Nam
356 755 565 821 primum
592 754 786 819 quidem
801 754 912 802 Deo
938 753 1037 817 ipsi
1063 758 1140 810 ter
1157 752 1358 819 Optimo
1374 753 1592 804 Maximo
1610 771 1715 805 rem

205 841 355 904 longe
400 838 788 903 ingratissimam
826 837 1027 898 faciunt,
1081 837 1162 901 qui
1201 837 1386 886 mavult
1422 853 1513 902 pro
1552 839 1715 902 gloria

211 922 421 973 nominis
448 922 526 971 sui
564 937 623 971 ac
650 921 936 972 defensione
962 921 1225 970 Ecclesiae
1263 920 1415 970 vitam
1442 925 1491 969 et
1517 922 1715 985 sangui-

203 1021 328 1068 nem,
365 1006 410 1056 si
446 1006 520 1055 ita
552 1006 827 1056 necessitas
853 1006 1085 1071 postulet,
1113 1005 1427 1070 profundere,
1457 1021 1601 1069 quam
1628 1005 1713 1053 im-

208 1089 544 1140 manissimam
571 1089 906 1139 Barbarorum
933 1088 1288 1150 crudelitatem,
1327 1103 1424 1137 non
1451 1089 1714 1139 solum'as-

204 1160 451 1243 sensione,
476 1172 567 1222 sed
593 1172 739 1223 etiam
767 1172 955 1221 viribus
982 1171 1180 1233 nostris,
1210 1187 1500 1236 quocunque
1515 1172 1714 1222 tandem

203 1247 347 1307 modo
373 1272 681 1322 promovere.
713 1255 813 1306 Sed
840 1262 889 1306 et
910 1257 1164 1307 Barbaros
1184 1257 1339 1321 ipsos,
1368 1256 1546 1321 quibus
1565 1256 1717 1321 impia

204 1340 300 1390 hac
327 1376 494 1388 .....
520 1339 793 1403 gratificari
820 1340 1063 1402 videntur,
1096 1341 1353 1390 inferenda
1366 1341 1529 1406 potius
1557 1356 1718 1406 poena

213 1439 360 1489 quam
385 1423 648 1473 referenda
685 1423 852 1487 gratia
896 1424 990 1472 hoc
1030 1439 1197 1473 eorum
1222 1425 1405 1474 factum
1433 1440 1718 1489 compensa-

203 1514 343 1560 turos
371 1523 485 1558 esse
511 1507 661 1573 plane
689 1508 883 1558 dubium
911 1524 1008 1558 non
1035 1514 1126 1558 est.
1157 1509 1295 1558 Nihil
1314 1509 1442 1558 enim
1470 1509 1603 1559 aliud
1617 1525 1717 1558 ma-

205 1594 284 1659 gis
309 1593 578 1654 intendunt,
617 1608 763 1657 quam
788 1598 853 1654 ut,
894 1591 1196 1642 Christianis
1223 1594 1419 1657 populis
1459 1610 1490 1663 a
1516 1609 1570 1642 se
1596 1593 1717 1642 invi-

206 1694 311 1729 cem
337 1677 634 1739 dissociatiS,
663 1677 796 1726 vires
835 1693 1003 1727 eorum
1032 1682 1280 1741 enervent,
1323 1678 1538 1742 dataque
1577 1693 1716 1727 occa-

193 1761 346 1818 ,sione
371 1776 457 1811 eos
478 1761 622 1811 simul
648 1775 816 1810 omnes
843 1761 1114 1825 imparatos
1143 1760 1437 1825 opprimant.
1472 1759 1579 1820 Quo
1605 1760 1716 1826 ipso

206 1851 428 1912 tempore
454 1860 566 1895 sero
605 1845 805 1894 nimium
839 1845 1245 1907 animadvertent,
1284 1844 1445 1894 media
1483 1844 1580 1893 sibi
1607 1859 1717 1894 con-

209 1928 324 1979 silia
349 1933 578 1995 captatae
604 1929 744 1995 pacis
771 1944 1083 1993 nequaquam
1109 1929 1354 1977 salutaria
1380 1927 1549 1977 fuisse.
1604 1928 1716 1991 Ego

206 2027 324 2062 vero
351 2011 603 2062 diversam
630 2012 823 2060 omnino
866 2017 1084 2061 sectatus
1124 2011 1496 2060 conservandae
1522 2011 1716 2075 patriae

159 2112 164 2115 ’
205 2095 462 2157 rationem,
501 2095 725 2160 plurimis
763 2096 1034 2145 iuratorum
1063 2093 1333 2145 Christiani
1367 2094 1578 2144 nominis
1603 2095 1716 2144 hos-

205 2179 326 2229 tium
350 2179 545 2229 iniuriis
577 2180 858 2242 lacessitus,
898 2180 1048 2230 malui
1075 2166 1376 2229 Christianis
1403 2179 1717 2245 Principibus

206 2278 285 2312 me
311 2264 581 2326 associare,
610 2260 756 2328 quam
781 2265 954 2314 foedus
982 2264 1245 2314 Turcicum
1274 2265 1618 2329 prosequendo
1643 2265 1715 2314 ul-

210 2347 310 2397 lum
335 2347 733 2412 impedimentum
773 2349 994 2398 victoriis
1032 2350 1239 2398 fratrum
1276 2352 1558 2398 nostrorum
1597 2349 1717 2398 obii-

212 2445 338 2480 cere.
384 2429 495 2491 Qua
526 2431 576 2479 in
602 2447 657 2480 re
686 2431 824 2481 scitis
865 2433 1005 2494 bene,
1031 2433 1153 2482 nulli
1178 2447 1256 2481 me
1282 2432 1458 2493 labori,
1496 2433 1716 2498 nullique

211 2509 431 2578 periculo
469 2515 786 2579 pepercisse,
824 2521 877 2565 ut
915 2515 1216 2566 laudabilem
1261 2520 1432 2565 contra
1458 2516 1715 2580 professos

213 2595 487 2646 Christiani
511 2599 721 2648 nominis
747 2599 918 2648 hostes
945 2615 1147 2664 operam
1172 2616 1357 2650 navare
1371 2614 1584 2667 possem.
1613 2600 1715 2648 Me-

212 2680 423 2730 ministis
450 2680 590 2743 enim,
618 2683 809 2747 quoties
835 2700 937 2743 me,
979 2685 1286 2748 salutemque
1312 2699 1470 2732 meam
1497 2688 1715 2733 extremo

213 2763 484 2814 discrimini
521 2779 612 2828 pro
652 2767 811 2816 salute
847 2767 1041 2832 patriae
1082 2768 1365 2827 obiecerim,
1404 2771 1453 2815 et
1491 2766 1714 2830 quamvis

211 2864 310 2899 non
332 2863 520 2914 paucas
548 2848 682 2899 domi
703 2852 930 2901 manendi
956 2867 1136 2902 causas
1164 2867 1316 2915 saepe
1342 2850 1611 2911 habuerim,
1639 2856 1711 2900 ta-

211 2947 323 2981 men
349 2947 515 2982 coram
541 2948 879 2999 praesensque
893 2951 1089 3001 semper
1116 2934 1362 2998 susceptis
1390 2933 1711 2997 expeditioni-

212 3017 306 3067 bus
331 3015 589 3078 interesse,
631 3017 950 3082 oculatusque
989 3025 1264 3068 vestrarum
1299 3017 1530 3066 virtutum
1555 3019 1714 3082 testis,
