2112 3288
0 642 13 794 amem-v·-

554 180 617 212 ΒΕ
644 178 750 211 REB.
779 176 888 210 VNG.
917 175 1027 207 nnc.
1056 176 1100 207 x.
1130 176 1172 206 11.
1194 175 1275 208 vn.
1319 165 1324 169 “
1519 202 1525 205 .
1591 159 1714 220 167,

201 295 598 366 administraturi.
630 293 773 354 Quod
798 291 1053 354 religionis
1081 292 1330 353 negotium
1358 291 1578 350 attineat,
1596 296 1692 339 sta-

198 385 353 436 tuisse
382 396 496 432 sese
523 377 760 428 communi
782 385 1023 427 consensu
1049 379 1101 425 ut
1116 380 1324 439 quatuor
1338 381 1566 439 receptae
1583 374 1694 423 reli-

199 467 362 534 gionis
388 465 578 514 formae
603 462 760 511 libere
786 460 1044 509 observari
1075 466 1268 523 queant,
1297 475 1357 508 ex
1387 459 1563 523 quibus
1581 464 1694 507 sunt

199 554 451 612 Romana,¹
464 549 765 608 Lutherana,
783 544 1110 596 Calvinistica
1121 550 1171 594 et
1185 544 1388 594 Ariana.
1406 542 1504 594 Sed
1519 549 1568 593 et
1582 559 1693 592 con-

199 636 501 689 stitutionem
550 648 677 682 anno
729 630 916 681 Salutis
966 628 1423 679 MDLXXXVIII.
1478 627 1695 677 unanimi

200 721 439 774 Ordinum
465 732 709 768 consensu
743 715 804 764 de
830 714 1032 765 Iesuitis
1059 730 1085 763 e
1125 713 1498 779 Transylvania
1538 717 1695 762 exter-

197 805 439 856 minandis
464 804 661 862 factam,
690 806 930 866 quatenus
957 799 1210 849 Romanae
1235 798 1466 863 religioni
1503 797 1695 863 praeiu-

197 892 342 952 dicet,
368 904 458 957 pro
484 894 598 939 voto
626 887 871 952 Principis
911 901 1024 936 sese
1062 886 1362 947 rescindere,
1389 899 1596 949 eumque
1637 896 1694 931 eo

195 977 471 1027 iuramento
498 972 777 1034 absoluere,
792 971 863 1021 ita
887 975 940 1020 ut
965 970 1180 1020 Iesuitas
1196 968 1571 1034 Claudiopolim,
1589 968 1694 1017 Mo-

198 1059 481 1121 nasterium,
497 1063 547 1108 et
571 1055 954 1107 Albam-Iuliam
979 1055 1291 1105 introducere
1316 1053 1492 1120 possit.
1522 1052 1697 1102 Proin-

199 1146 260 1196 de
286 1159 431 1195 orare
457 1158 514 1193 se
536 1140 870 1207 Principalem
885 1140 1191 1190 clementiam
1205 1155 1267 1189 ne
1283 1154 1529 1204 quaquam
1556 1141 1699 1187 extra

198 1228 456 1297 praedicta
504 1227 617 1277 loca
667 1241 752 1276 eos
792 1224 1066 1284 collocare,
1105 1225 1186 1273 vel
1225 1238 1513 1288 quocunque
1553 1221 1696 1271 modo

195 1315 405 1364 liberum
429 1312 684 1375 religionis
718 1310 1003 1360 exercitium
1041 1309 1279 1374 impedire
1318 1307 1453 1358 velit.
1490 1307 1698 1356 Praeter

197 1401 292 1450 has
314 1399 390 1449 IV
414 1396 673 1461 religionis
699 1396 900 1456 formas,
913 1409 1081 1444 omnes
1108 1394 1235 1443 alias
1261 1393 1604 1443 innovationes
1629 1392 1698 1441 iu—

197 1482 436 1534 dicandas
463 1481 670 1542 censeri,
697 1494 962 1543 earumque
989 1482 1262 1528 sectatores
1287 1483 1521 1542 tanquam
1558 1477 1697 1525 inno·

195 1573 396 1620 vatores
420 1582 510 1632 per
537 1565 738 1615 comites
766 1570 815 1614 et
840 1563 1037 1613 Iudices
1064 1562 1252 1626 Regios
1279 1562 1522 1612 adiunctis
1548 1561 1695 1626 Epis-

200 1652 339 1719 copis
401 1667 461 1701 ac
510 1649 789 1700 senioribus
835 1647 1216 1712 diligentissime
1281 1645 1599 1710 inquirendos
1651 1650 1699 1694 et

195 1736 553 1789 interveniente
573 1734 793 1799 legitimo
818 1733 940 1782 iuris
967 1747 1207 1798 processu
1234 1747 1408 1781 severe
1422 1729 1696 1796 puniendos

194 1821 412 1873 iudicari.
439 1820 669 1885 Denique
707 1819 988 1882 intelligere
1023 1833 1078 1867 se
1106 1833 1166 1866 ex
1195 1817 1532 1866 declaratione
1558 1815 1697 1864 Prin-

198 1907 322 1974 cipis
358 1907 586 1956 inventos
627 1920 739 1955 esse
779 1903 1016 1968 quosdam
1043 1919 1069 1952 e
1095 1916 1298 1952 numero
1331 1901 1614 1962 Procerum,
1646 1904 1699 1948 ut

199 1996 313 2043 sunt
338 1989 620 2058 Stephanus
664 1988 885 2050 Bathori,
926 1987 1198 2037 Balthasar
1234 1986 1455 2047 Bathori,
1494 1985 1697 2051 Wolph-

203 2092 399 2143 gangus
460 2074 825 2134 Kovaezioczi,
877 2070 1163 2122 Alexander
1226 2071 1419 2127 Kendi,
1483 2071 1697 2119 Ioannes

198 2162 326 2224 Iffiu,
340 2160 642 2212 Franciscus
668 2158 851 2219 Kendi,
870 2155 1078 2207 Gabriel
1099 2156 1280 2218 Kendi,
1295 2158 1507 2205 Ioannes
1523 2154 1696 2217 Forro,

205 2244 456 2311 Georgius
507 2244 760 2295 Litera'tus
812 2244 871 2292 de
922 2241 1071 2292 Szent
1109 2241 1301 2308 Egyed,
1354 2242 1567 2290 Ioannes
1601 2237 1698 2289 Gre-

199 2331 355 2392 rendi,
382 2331 597 2381 Ioannes
621 2327 1016 2387 Bornemiszsza,
1043 2326 1280 2376 Albertus
1307 2323 1697 2390 Lonyai,Ladis-

200 2406 311 2465 laus
349 2413 620 2475 Szalanczi,
662 2410 914 2476 Georgius
952 2410 1226 2473 Szalanczi,
1267 2410 1537 2460 Balthasar
1575 2407 1698 2457 Szil-

203 2498 326 2558 vasi,
351 2498 589 2549 Nicolaus
617 2495 771 2559 Gara,
787 2497 1062 2561 Dionysius
1090 2495 1413 2556 Tamasfalvi,
1429 2494 1511 2559 qui
1530 2508 1697 2544 omnes

204 2582 345 2633 obliti
381 2583 456 2632 sui
493 2587 542 2632 et
577 2582 925 2632 beneficiorum
963 2585 1289 2646 acceptorum,
1315 2579 1410 2628 hoc
1437 2582 1698 2643 praetextu

206 2672 256 2718 et
291 2667 454 2716 colore
494 2666 739 2716 voluerint
777 2682 887 2717 eum
926 2682 988 2716 ex
1024 2664 1186 2732 patrio
1224 2678 1381 2728 regno
1422 2660 1697 2724 excludere,

206 2750 349 2817 quasi
375 2749 588 2801 Ordines
612 2751 773 2815 Regni
801 2752 1104 2812 statuissent,
1133 2764 1242 2800 eum
1268 2748 1349 2798 vel
1364 2751 1559 2812 captum
1573 2747 1697 2795 Tur-

206 2837 308 2886 cico
352 2836 645 2900 Imperatori
679 2837 902 2899 tradere,
940 2837 1022 2886 vel
1058 2836 1207 2885 etiam
1245 2849 1272 2882 e
1310 2832 1468 2881 medio
1507 2831 1695 2881 tollere.

206 2920 303 2971 His
328 2924 507 2970 motum
533 2920 822 2986 Principem,
850 2926 951 2972 tum
975 2926 1028 2971 ut
1054 2919 1201 2970 saluti
1243 2933 1361 2967 suae
1404 2917 1696 2975 consuleret,

208 3011 307 3057 tum
334 3019 453 3055 vero
478 3010 531 3055 ut
569 3005 788 3055 exactius
826 3005 951 3056 haec
989 3005 1150 3055 omnia
1190 3006 1525 3066 cognosceret,
1565 3000 1697 3053 itane
