2112 3288
590 163 655 197 DE
678 162 785 197 ΗΕΒ.
813 163 922 198 VNG.
949 163 1057 197 nne.
1086 165 1133 198 x.
1160 165 1203 197 L.
1243 164 1309 198 1x.
1535 201 1544 205 ,
1602 148 1703 200 199

628 374 860 428 GAPVT
897 364 1291 427 SECVNDVM.

211 501 293 551 De
317 497 527 550 adventa
549 495 730 549 Sinani
752 498 937 547 Bassac
955 498 1010 546 in
1042 495 1428 559 Transalpinam,
1446 502 1490 543 et
1505 495 1699 558 praelio

587 581 839 632 Michaelis
866 580 1093 631 Palatini
1117 596 1224 628 cam
1254 596 1319 628 eo.

350 705 480 755 Dum
503 704 629 754 haec
652 704 702 753 in
727 703 953 767 Vngaria
977 707 1226 768 geruntur,
1253 701 1465 752 Sinanus
1508 700 1699 749 interea

209 791 372 840 Bassa
390 789 650 841 -Vezerius
687 788 907 838 ducentis
945 788 1138 838 circiter
1186 787 1402 836 millibus
1451 785 1699 836 hominum

212 875 484 938 comitatus,
510 880 659 940 ponte
686 889 747 923 ex
773 873 982 924 navibus
1008 874 1157 933 facto,
1184 871 1464 922 Danubium
1492 870 1555 920 ad
1570 867 1703 934 Gyr-

206 960 420 1024 gioviam
445 974 607 1010 arcem
633 963 969 1025 superaverat,
996 963 1045 1007 et
1068 958 1119 1006 in
1147 957 1506 1022 Tansalpinam
1544 953 1698 1004 Vala-

206 1046 364 1097 chiam
400 1045 660 1110 irruperat.
714 1045 793 1094 Ea
830 1059 884 1093 re
923 1043 1125 1094 territus
1179 1043 1395 1093 Michael
1444 1041 1700 1092 Palatinus

207 1131 586 1197 Transalpinam,
611 1130 786 1180 idoneo
814 1129 994 1179 castris
1020 1129 1127 1179 loco
1155 1129 1394 1193 quaesit0‚
1437 1127 1606 1193 copias
1644 1126 1694 1175 in

203 1219 314 1268 loca
343 1216 526 1267 tutiora
560 1215 760 1275 reducit,
798 1214 963 1279 ibique
1003 1213 1263 1264 adventum
1303 1214 1514 1264 hostium
1552 1226 1693 1278 prae-

203 1299 378 1351 stolari
402 1300 586 1351 statuit.
629 1300 723 1348 Est
747 1300 883 1349 locus
909 1314 1006 1349 non
1034 1299 1209 1364 procul
1243 1299 1305 1348 ab
1343 1299 1474 1348 Istro
1513 1297 1699 1347 densis—

203 1384 341 1434 simis
365 1385 592 1449 virgultis
634 1384 1001 1448 circumseptus,
1042 1399 1102 1433 ac
1140 1383 1506 1434 coenosissimis
1544 1397 1695 1447 aqua-

201 1483 309 1518 rum
332 1467 454 1518 rivis
479 1468 549 1518 ita
590 1468 907 1533 interruptus,
933 1472 986 1517 ut
1017 1472 1167 1531 ponte
1192 1467 1395 1517 transiri
1430 1451 1491 1517 oli
1519 1483 1695 1531 angus-

202 1554 320 1604 tiam
345 1553 538 1604 debeat.
583 1554 732 1604 Hunc
756 1554 914 1603 locum
939 1553 1095 1603 nostri
1121 1553 1485 1617 praetergressi
1498 1553 1689 1604 modico

200 1638 362 1704 spatio
394 1639 458 1689 ab
484 1654 542 1689 eo
569 1643 742 1689 castra
765 1644 962 1703 ponunt,
989 1637 1203 1703 illasque
1229 1638 1426 1703 paludis
1460 1654 1520 1688 ac
1546 1639 1694 1688 inter-

197 1721 456 1773 iacentium
518 1723 771 1789 sylvarum
833 1723 1091 1787 angustias
1156 1722 1411 1787 dispositis
1457 1723 1692 1773 custodiis

200 1807 429 1858 muniunt.
469 1806 681 1858 Sinanus
719 1811 856 1858 tanta
894 1813 1175 1858 nostrorum
1214 1807 1419 1858 audacia
1456 1808 1692 1868 irritatuS,

199 1892 329 1956 quod
353 1892 573 1957 quamvis
603 1898 704 1942 tam
729 1893 874 1957 pauci
898 1908 1099 1943 numero
1126 1899 1307 1956 essent,
1337 1893 1600 1943 adventum
1623 1898 1693 1942 ta

203 1991 314 2026 men
329 1993 465 2029 suum
479 1979 781 2043 praestolari
794 1994 890 2027 non
903 1983 1190 2028 vererentur
1205 1995 1215 2041 3
1235 1978 1485 2028 duodecim
1500 1977 1695 2028 circiter

200 2067 498 2113 armatorum
523 2062 680 2111 millia
705 2078 767 2112 ex
793 2063 922 2112 omni
948 2064 1166 2112 exercitu
1192 2063 1372 2127 seligit,
1400 2079 1461 2112 ac
1485 2063 1692 2112 instruc-

199 2153 252 2197 ta
277 2147 384 2196 acie
409 2151 580 2196 contra
618 2152 830 2208 nostrOS,
878 2148 959 2213 qui
988 2148 1070 2196 vix
1108 2153 1248 2198 erant
1283 2163 1372 2197 sex
1407 2147 1585 2208 millia,
1627 2147 1695 2196 ad

196 2232 444 2297 palustres
482 2232 740 2296 angustias
793 2232 965 2282 educit.
1017 2232 1274 2283 Palatinus
1325 2233 1440 2282 licet
1477 2232 1692 2282 animad-

199 2320 417 2367 verteret
442 2331 496 2366 se
522 2331 724 2367 numero
751 2317 961 2368 hostium
988 2317 1224 2383 imparem
1251 2333 1376 2378 esse,
1392 2318 1503 2367 Deo
1528 2322 1693 2367 tamen

200 2417 259 2451 ac
284 2401 381 2452 loci
405 2406 595 2459 natura,
623 2417 916 2467 suorumque
942 2403 1174 2453 instinctu
1201 2403 1412 2453 confisus
1450 2404 1693 2453 fortunam

200 2485 414 2549 experiri
439 2486 622 2537 statuit.
652 2486 866 2536 Proinde
893 2487 1161 2551 instructis,
1190 2503 1314 2552 quas
1342 2503 1506 2537 secum
1545 2486 1693 2535 habe-

199 2570 286 2619 bat
310 2570 478 2635 copiis,
505 2571 554 2620 in
579 2571 702 2635 ipsis
729 2573 1065 2636 angustiarum
1078 2573 1306 2624 faucibus
1322 2572 1505 2622 Sinano
1528 2587 1691 2620 occur-

196 2653 272 2715 rit,
301 2654 566 2719 paucisque
591 2672 681 2721 pro
714 2662 933 2721 tempore
961 2673 1076 2707 suos
1105 2659 1402 2717 cohortatus,
1431 2656 1691 2706 excelsoin

196 2738 386 2788 hostem
412 2738 570 2787 animo
602 2739 859 2792 invehitur.
898 2743 1032 2792 Dato
1070 2759 1266 2808 pugnae
1306 2743 1465 2805 signO,
1506 2740 1689 2789 acerri-

201 2838 327 2872 mum
341 2822 610 2873 conseritur
623 2826 874 2888 praelium.
898 2828 963 2877 Et
977 2827 1088 2877 dum
1103 2828 1258 2877 nostri
1274 2827 1466 2884 virtute,
1479 2824 1693 2874 Barbari

202 2906 520 2967 multitudine,
559 2922 613 2957 se
659 2911 938 2975 superiores
987 2913 1094 2962 fore
1144 2916 1368 2976 sperant,
1420 2910 1691 2958 alternante

198 2991 359 3041 Marte
384 2998 649 3057 pugnatur.
680 2996 903 3046 Tandem
928 3002 1186 3062 postquam
1213 3002 1314 3046 toto
1341 2995 1419 3044 die
1456 2999 1689 3045 certatum
