2112 3288
686 165 751 198 DE
777 164 886 198 ΗΕΒ,
916 163 1028 198 vNc.
1054 164 1164 198 mro.
1191 165 1259 201 XI.
1285 166 1329 198 L.
1358 166 1388 199 1.
1496 153 1503 157 ’
1677 154 1781 204 307

260 280 382 343 fore,
408 285 461 330 ut
486 280 582 330 nisi
608 295 716 330 eam
759 280 1076 328 severitatem
1091 278 1390 341 adhiberem,
1419 297 1591 332 currus
1605 285 1782 334 bovem

261 363 482 414 traheret
539 363 861 427 plurimaque
900 369 1227 427 praepostero
1267 365 1436 413 ordine
1475 373 1779 428 gererentur.

264 447 326 496 Id
349 462 468 497 vero
507 463 569 496 ne
594 447 759 506 fieret,
797 447 893 495 mei
931 448 1147 496 muneris
1185 448 1278 496 fuit
1302 449 1582 513 providere,
1624 457 1672 499 et
1722 468 1781 500 ne

267 530 560 594 contagione
585 529 749 580 morbi
775 530 970 579 sincera
1004 547 1125 595 pars
1154 547 1347 596 quoque
1373 533 1670 594 traheretur,
1697 550 1783 598 pu-

265 613 398 664 trida
422 614 645 664 membra
668 614 961 677 tempestive
987 629 1234 664 resecare.
1266 616 1512 680 Equidem
1537 617 1586 666 in
1612 622 1779 682 poste-

267 713 374 748 rum
399 711 592 762 quoque
630 697 715 745 ubi
751 696 835 746 ubi
873 702 1118 747 terrarum
1143 699 1336 748 futurus
1352 714 1472 762 sum,
1499 700 1784 750 memoriam

263 780 433 843 vestri,
457 780 598 830 nullo
626 795 839 844 unquam
865 785 1088 846 tempore
1130 782 1388 846 deponam,
1430 784 1521 832 sed
1560 784 1783 833 sedulam

261 864 420 913 vestri
443 879 613 914 curam
641 865 798 914 etiam
825 867 1010 915 absens
1037 866 1249 916 habebo.
1296 868 1404 918 Vos
1437 868 1634 917 interim
1672 869 1783 917 hor-

264 953 356 1010 tor,
380 952 432 998 ut
459 963 604 1012 quam
643 948 793 998 fidem
837 950 1020 1014 duplici
1058 951 1156 999 iam
1192 951 1467 1001 iuramento
1495 949 1783 1001 Christiano

266 1029 479 1081 Caesari
505 1032 815 1094 devinxistis,
853 1036 962 1082 eam
989 1039 1175 1083 sartam
1195 1040 1474 1099 tectamque
1501 1036 1548 1085 ei
1586 1051 1782 1101 semper

267 1116 589 1166 conservetis
640 1116 783 1166 Haec
809 1133 915 1166 cum
954 1117 1178 1178 dixisset,
1220 1119 1609 1184 lacrymantibus
1643 1134 1783 1184 prae-

268 1199 439 1248 dolore
466 1200 624 1250 oculis
651 1199 796 1250 finem
822 1202 1088 1266 perorandi
1114 1202 1243 1260 fecit,
1271 1207 1410 1253 tanto
1439 1219 1545 1253 cum
1572 1204 1782 1253 omnium

268 1283 456 1344 dolore,
481 1290 535 1334 ut
559 1286 705 1348 pauci
729 1285 980 1350 lacrymas
1008 1287 1269 1335 tenuerint.
1296 1287 1575 1352 Respondit
1589 1288 1782 1337 nomine

269 1373 543 1419 ceterorum
570 1369 847 1433 legatorum
875 1369 1158 1434 Stephanus
1187 1371 1345 1421 Zuhai
1371 1371 1653 1436 Episcopus
1682 1372 1784 1422 Va-

269 1451 464 1514 ciensis,
491 1454 766 1518 paucisque
792 1454 1113 1518 praemissis:
1142 1453 1295 1516 Sicut,
1322 1454 1490 1519 inquit,
1520 1455 1649 1504 datis
1675 1456 1783 1504 lite-

267 1536 339 1585 ris
379 1534 572 1586 Caesar
598 1537 890 1601 Rudolphus
931 1538 1112 1587 obnixe
1152 1538 1344 1600 institit,
1370 1543 1423 1587 ut
1463 1542 1649 1588 mutato
1688 1538 1782 1588 hoc

267 1620 592 1685 profectionis
608 1621 828 1682 consilio,
842 1621 890 1669 in
906 1622 1282 1684 gubernatione,
1310 1622 1628 1672 serenissime
1642 1621 1782 1671 Prin-

267 1719 400 1769 ceps,
426 1720 811 1769 perseverares:
858 1705 928 1754 ita
966 1720 1057 1753 nos
1098 1721 1292 1769 quoque
1330 1706 1427 1755 hac
1453 1704 1590 1767 hora,
1634 1721 1780 1770 quam

267 1802 529 1853 possumus
569 1789 837 1838 humillime
876 1804 1098 1847 oramUS,
1149 1795 1202 1839 ut
1240 1789 1290 1837 in
1327 1790 1424 1839 hac
1461 1788 1783 1838 nobilissima

266 1872 523 1936 provincia
547 1874 880 1938 permanendo
907 1874 1188 1924 inchoatum
1217 1875 1369 1923 semel
1396 1874 1634 1923 victoriae
1669 1887 1779 1922 con-

267 1961 347 2004 tra
377 1956 634 2007 Barbaros
674 1972 868 2006 cursum
906 1958 1118 2007 feliciter
1158 1957 1429 2006 continues.
1481 1955 1605 2006 Cum
1654 1957 1780 2005 haec

269 2037 426 2088 Zuhai
453 2039 664 2090 diceret:
703 2040 943 2105 Princeps
984 2042 1177 2104 magnis
1218 2056 1327 2090 cum
1354 2040 1610 2104 suspiriis:
1637 2038 1777 2100 Sere,

268 2121 442 2187 inquit,
473 2124 671 2189 sapiunt
697 2123 942 2189 Phryges.
982 2124 1033 2172 Is
1060 2124 1386 2188 interruptam
1408 2123 1778 2173 continuaturus

271 2208 570 2257 orationem:
602 2205 1023 2272 Quandoquidem,
1052 2209 1222 2274 inquit,
1251 2209 1299 2256 in
1313 2208 1569 2272 proposito
1583 2209 1779 2273 profec-

269 2291 417 2340 tionis
457 2307 771 2356 perseveras,
811 2291 1051 2356 Princeps
1091 2292 1272 2353 inclite,
1301 2307 1362 2340 ex
1401 2307 1459 2341 eo
1500 2292 1778 2355 colligimus

270 2374 436 2425 divino
478 2390 672 2440 quoque
723 2377 826 2425 fato
869 2375 961 2426 hoc
1000 2377 1070 2425 ita
1110 2392 1222 2426 esse
1262 2377 1593 2426 constitutum.
1647 2375 1777 2436 Qua-

269 2463 474 2524 propter
499 2461 615 2509 boni
643 2458 835 2510 Caesar
876 2476 1070 2526 quoque
1096 2465 1267 2510 noster
1307 2461 1519 2510 consulit
1543 2461 1778 2525 prompti-

269 2542 487 2592 tudinem
513 2549 746 2603 vestram,
782 2561 841 2593 ac
878 2560 932 2593 re
958 2544 1071 2610 ipsa
1099 2544 1340 2603 ostendet,
1386 2550 1434 2594 et
1460 2549 1507 2593 te
1547 2550 1777 2607 tuamque

271 2611 574 2690 dignitatem,
602 2632 651 2677 et
674 2629 884 2692 populos
910 2634 1022 2677 tuos
1050 2628 1296 2692 singulari
1332 2628 1428 2676 sibi
1455 2643 1601 2676 curae
1629 2631 1778 2690 atque

270 2709 409 2760 cordi
444 2710 567 2760 fore.
619 2710 897 2776 Respondit
935 2712 1192 2778 Princeps,
1230 2712 1573 2775 interpositam
1614 2725 1779 2759 eorum

269 2795 689 2859 protestationem,
717 2800 766 2844 et
793 2797 857 2845 ad
881 2797 1232 2847 remanendum
1270 2795 1606 2843 invitationem
1635 2793 1778 2842 nimis

269 2879 367 2928 iam
393 2894 557 2929 seram
585 2894 711 2929 esse.
764 2879 830 2929 Se
871 2882 1065 2945 quidem
1092 2883 1141 2930 in
1167 2881 1261 2930 fide
1290 2879 1501 2929 Caesari
1526 2881 1641 2931 data
1667 2895 1777 2930 con-

268 2964 575 3014 stantissime
601 2970 1037 3028 perseveraturum
1063 2981 1189 3015 esse.
1218 2964 1320 3014 Sed
1336 2963 1574 3014 Caesaris
1600 2979 1773 3014 rursus

1548 3059 1632 3103 20*
