<?xml version="1.0" encoding="UTF-8"?>
<!DOCTYPE html PUBLIC "-//W3C//DTD XHTML 1.0 Transitional//EN"
    "http://www.w3.org/TR/xhtml1/DTD/xhtml1-transitional.dtd">
<html xmlns="http://www.w3.org/1999/xhtml" xml:lang="en" lang="en">
 <head>
  <title>
</title>
<meta http-equiv="Content-Type" content="text/html;charset=utf-8" />
  <meta name='ocr-system' content='tesseract 3.04.00' />
  <meta name='ocr-capabilities' content='ocr_page ocr_carea ocr_par ocr_line ocrx_word'/>
</head>
<body>
  <div class='ocr_page' id='page_1' title='image "./baronyaidecsij00deciuoft_0137.png"; bbox 0 0 2112 3288; ppageno 0'>
   <div class='ocr_carea' id='block_1_1' title="bbox 0 0 77 1452">
    <p class='ocr_par' dir='ltr' id='par_1_1' title="bbox 0 0 77 1452">
     <span class='ocr_line' id='line_1_1' title="bbox 0 0 77 1452; baseline 0 0"><span class='ocrx_word' id='word_1_1' title='bbox 0 0 77 1452; x_wconf 95' lang='lat' dir='ltr'> </span> 
     </span>
    </p>
   </div>
   <div class='ocr_carea' id='block_1_2' title="bbox 583 194 1730 247">
    <p class='ocr_par' dir='ltr' id='par_1_2' title="bbox 583 194 1730 247">
     <span class='ocr_line' id='line_1_2' title="bbox 583 194 1730 247; baseline 0.004 -9"><span class='ocrx_word' id='word_1_2' title='bbox 583 206 647 238; x_wconf 82' lang='lat' dir='ltr'>DE</span> <span class='ocrx_word' id='word_1_3' title='bbox 672 205 779 239; x_wconf 68' lang='grc' dir='ltr'><strong>ΗΕΒ.</strong></span> <span class='ocrx_word' id='word_1_4' title='bbox 806 205 918 239; x_wconf 81' lang='lat' dir='ltr'>VNG.</span> <span class='ocrx_word' id='word_1_5' title='bbox 944 205 1054 238; x_wconf 73' lang='lat' dir='ltr'>nne.</span> <span class='ocrx_word' id='word_1_6' title='bbox 1094 205 1140 239; x_wconf 82' lang='lat' dir='ltr'>x.</span> <span class='ocrx_word' id='word_1_7' title='bbox 1167 206 1212 238; x_wconf 86' lang='lat' dir='ltr'>L.</span> <span class='ocrx_word' id='word_1_8' title='bbox 1241 207 1310 241; x_wconf 86' lang='lat'>111.</span> <span class='ocrx_word' id='word_1_9' title='bbox 1385 243 1395 247; x_wconf 53' lang='grc'><strong>,</strong></span> <span class='ocrx_word' id='word_1_10' title='bbox 1533 213 1541 216; x_wconf 61' lang='grc'><em>“</em></span> <span class='ocrx_word' id='word_1_11' title='bbox 1660 194 1730 244; x_wconf 83' lang='lat'>53</span> 
     </span>
    </p>
   </div>
   <div class='ocr_carea' id='block_1_3' title="bbox 158 310 1743 3106">
    <p class='ocr_par' dir='ltr' id='par_1_3' title="bbox 158 310 1743 3106">
     <span class='ocr_line' id='line_1_3' title="bbox 213 310 1725 391; baseline -0.003 -15"><span class='ocrx_word' id='word_1_12' title='bbox 213 324 448 391; x_wconf 84' lang='lat' dir='ltr'>calculum</span> <span class='ocrx_word' id='word_1_13' title='bbox 484 337 680 382; x_wconf 87' lang='lat' dir='ltr'>vocare,</span> <span class='ocrx_word' id='word_1_14' title='bbox 719 321 981 385; x_wconf 84' lang='lat' dir='ltr'>apparebit</span> <span class='ocrx_word' id='word_1_15' title='bbox 1018 323 1199 383; x_wconf 88' lang='lat' dir='ltr'>statim,</span> <span class='ocrx_word' id='word_1_16' title='bbox 1239 338 1329 371; x_wconf 89' lang='lat' dir='ltr'>nec</span> <span class='ocrx_word' id='word_1_17' title='bbox 1367 323 1490 372; x_wconf 90' lang='lat' dir='ltr'>adeo</span> <span class='ocrx_word' id='word_1_18' title='bbox 1529 310 1725 373; x_wconf 83' lang='lat' dir='ltr'>immen-</span> 
     </span>
     <span class='ocr_line' id='line_1_4' title="bbox 213 394 1743 472; baseline -0.002 -12"><span class='ocrx_word' id='word_1_19' title='bbox 213 424 315 465; x_wconf 78' lang='lat' dir='ltr'>sas.</span> <span class='ocrx_word' id='word_1_20' title='bbox 359 422 537 472; x_wconf 87' lang='lat' dir='ltr'>neque,</span> <span class='ocrx_word' id='word_1_21' title='bbox 591 405 661 455; x_wconf 92' lang='lat' dir='ltr'>uti</span> <span class='ocrx_word' id='word_1_22' title='bbox 698 405 880 468; x_wconf 88' lang='lat' dir='ltr'>vulgus</span> <span class='ocrx_word' id='word_1_23' title='bbox 917 411 1071 470; x_wconf 89' lang='lat' dir='ltr'>putat,</span> <span class='ocrx_word' id='word_1_24' title='bbox 1111 406 1304 454; x_wconf 91' lang='lat' dir='ltr'>omnino</span> <span class='ocrx_word' id='word_1_25' title='bbox 1344 407 1553 456; x_wconf 88' lang='lat' dir='ltr'>invictas</span> <span class='ocrx_word' id='word_1_26' title='bbox 1593 394 1743 457; x_wconf 51' lang='lat' dir='ltr'>esses</span> 
     </span>
     <span class='ocr_line' id='line_1_5' title="bbox 219 490 1722 557; baseline -0.001 -13"><span class='ocrx_word' id='word_1_27' title='bbox 219 490 376 555; x_wconf 82' lang='lat' dir='ltr'>Bella,</span> <span class='ocrx_word' id='word_1_28' title='bbox 404 497 454 542; x_wconf 88' lang='lat' dir='ltr'>et</span> <span class='ocrx_word' id='word_1_29' title='bbox 476 497 663 557; x_wconf 76' lang='lat' dir='ltr'>pesteS,</span> <span class='ocrx_word' id='word_1_30' title='bbox 681 490 991 555; x_wconf 84' lang='lat' dir='ltr'>quantumvis</span> <span class='ocrx_word' id='word_1_31' title='bbox 1020 506 1310 541; x_wconf 89' lang='lat' dir='ltr'>numerosas</span> <span class='ocrx_word' id='word_1_32' title='bbox 1338 496 1512 554; x_wconf 79' lang='lat' dir='ltr'>gentes</span> <span class='ocrx_word' id='word_1_33' title='bbox 1540 493 1722 543; x_wconf 80' lang='lat' dir='ltr'>exhau-</span> 
     </span>
     <span class='ocr_line' id='line_1_6' title="bbox 215 574 1719 640; baseline -0.001 -12"><span class='ocrx_word' id='word_1_34' title='bbox 215 575 359 628; x_wconf 78' lang='lat' dir='ltr'>riimt.</span> <span class='ocrx_word' id='word_1_35' title='bbox 386 575 530 626; x_wconf 88' lang='lat' dir='ltr'>Haec</span> <span class='ocrx_word' id='word_1_36' title='bbox 559 574 868 625; x_wconf 84' lang='lat' dir='ltr'>continenter</span> <span class='ocrx_word' id='word_1_37' title='bbox 906 575 1012 623; x_wconf 87' lang='lat' dir='ltr'>fere</span> <span class='ocrx_word' id='word_1_38' title='bbox 1039 574 1168 624; x_wconf 90' lang='lat' dir='ltr'>inter</span> <span class='ocrx_word' id='word_1_39' title='bbox 1194 591 1278 625; x_wconf 93' lang='grc'>606</span> <span class='ocrx_word' id='word_1_40' title='bbox 1304 581 1612 640; x_wconf 87' lang='lat' dir='ltr'>grassantur,</span> <span class='ocrx_word' id='word_1_41' title='bbox 1640 578 1719 627; x_wconf 92' lang='lat' dir='ltr'>de-</span> 
     </span>
     <span class='ocr_line' id='line_1_7' title="bbox 204 659 1717 728; baseline 0.001 -17"><span class='ocrx_word' id='word_1_42' title='bbox 204 661 516 728; x_wconf 83' lang='lat' dir='ltr'>populantur</span> <span class='ocrx_word' id='word_1_43' title='bbox 538 660 788 724; x_wconf 85' lang='lat' dir='ltr'>regiones‚</span> <span class='ocrx_word' id='word_1_44' title='bbox 828 660 1076 724; x_wconf 80' lang='lat' dir='ltr'>urbesque</span> <span class='ocrx_word' id='word_1_45' title='bbox 1113 659 1347 725; x_wconf 90' lang='lat' dir='ltr'>ipsorum.</span> <span class='ocrx_word' id='word_1_46' title='bbox 1398 660 1529 711; x_wconf 92' lang='lat' dir='ltr'>Belli</span> <span class='ocrx_word' id='word_1_47' title='bbox 1568 663 1717 712; x_wconf 89' lang='lat' dir='ltr'>etiam</span> 
     </span>
     <span class='ocr_line' id='line_1_8' title="bbox 211 743 1716 810; baseline 0.001 -15"><span class='ocrx_word' id='word_1_48' title='bbox 211 744 350 796; x_wconf 89' lang='lat' dir='ltr'>nulla</span> <span class='ocrx_word' id='word_1_49' title='bbox 375 749 452 794; x_wconf 88' lang='lat' dir='ltr'>est</span> <span class='ocrx_word' id='word_1_50' title='bbox 482 743 797 806; x_wconf 61' lang='lat' dir='ltr'>intermissis),</span> <span class='ocrx_word' id='word_1_51' title='bbox 848 759 975 793; x_wconf 91' lang='lat' dir='ltr'>nunc</span> <span class='ocrx_word' id='word_1_52' title='bbox 1011 744 1338 794; x_wconf 89' lang='lat' dir='ltr'>inferentibus</span> <span class='ocrx_word' id='word_1_53' title='bbox 1376 745 1502 810; x_wconf 91' lang='lat' dir='ltr'>ipsis</span> <span class='ocrx_word' id='word_1_54' title='bbox 1545 751 1716 796; x_wconf 91' lang='lat' dir='ltr'>contra</span> 
     </span>
     <span class='ocr_line' id='line_1_9' title="bbox 206 828 1717 894; baseline 0 -13"><span class='ocrx_word' id='word_1_55' title='bbox 206 830 332 881; x_wconf 85' lang='lat' dir='ltr'>alios</span> <span class='ocrx_word' id='word_1_56' title='bbox 358 846 518 893; x_wconf 90' lang='lat' dir='ltr'>arma,</span> <span class='ocrx_word' id='word_1_57' title='bbox 556 845 684 879; x_wconf 90' lang='lat' dir='ltr'>nunc</span> <span class='ocrx_word' id='word_1_58' title='bbox 723 829 865 879; x_wconf 91' lang='lat' dir='ltr'>illata</span> <span class='ocrx_word' id='word_1_59' title='bbox 884 829 1324 894; x_wconf 78' lang='lat' dir='ltr'>propulsantibus.</span> <span class='ocrx_word' id='word_1_60' title='bbox 1377 828 1500 880; x_wconf 82' lang='lat' dir='ltr'>Cum</span> <span class='ocrx_word' id='word_1_61' title='bbox 1533 830 1717 893; x_wconf 91' lang='lat' dir='ltr'>Persis,</span> 
     </span>
     <span class='ocr_line' id='line_1_10' title="bbox 206 912 1720 980; baseline -0.001 -14"><span class='ocrx_word' id='word_1_62' title='bbox 206 915 279 966; x_wconf 86' lang='lat' dir='ltr'>uti</span> <span class='ocrx_word' id='word_1_63' title='bbox 312 915 508 976; x_wconf 90' lang='lat' dir='ltr'>scimus,</span> <span class='ocrx_word' id='word_1_64' title='bbox 565 912 841 964; x_wconf 88' lang='lat' dir='ltr'>diuturnum</span> <span class='ocrx_word' id='word_1_65' title='bbox 878 913 980 962; x_wconf 93' lang='lat' dir='ltr'>illis</span> <span class='ocrx_word' id='word_1_66' title='bbox 1016 914 1199 963; x_wconf 92' lang='lat' dir='ltr'>bellum</span> <span class='ocrx_word' id='word_1_67' title='bbox 1236 914 1355 976; x_wconf 86' lang='lat' dir='ltr'>fuit,</span> <span class='ocrx_word' id='word_1_68' title='bbox 1405 915 1456 964; x_wconf 90' lang='lat' dir='ltr'>in</span> <span class='ocrx_word' id='word_1_69' title='bbox 1494 931 1588 980; x_wconf 92' lang='lat' dir='ltr'>quo</span> <span class='ocrx_word' id='word_1_70' title='bbox 1623 931 1720 965; x_wconf 92' lang='lat' dir='ltr'>non</span> 
     </span>
     <span class='ocr_line' id='line_1_11' title="bbox 209 999 1718 1066; baseline -0.001 -14"><span class='ocrx_word' id='word_1_71' title='bbox 209 1000 420 1052; x_wconf 79' lang='lat' dir='ltr'>Asiatici</span> <span class='ocrx_word' id='word_1_72' title='bbox 446 1003 639 1049; x_wconf 90' lang='lat' dir='ltr'>tantum</span> <span class='ocrx_word' id='word_1_73' title='bbox 671 1014 837 1058; x_wconf 91' lang='lat' dir='ltr'>eorum</span> <span class='ocrx_word' id='word_1_74' title='bbox 867 999 1126 1060; x_wconf 77' lang='lat' dir='ltr'>exercituS,</span> <span class='ocrx_word' id='word_1_75' title='bbox 1167 999 1256 1049; x_wconf 90' lang='lat' dir='ltr'>sed</span> <span class='ocrx_word' id='word_1_76' title='bbox 1282 999 1534 1066; x_wconf 87' lang='lat' dir='ltr'>Europaei</span> <span class='ocrx_word' id='word_1_77' title='bbox 1572 1001 1718 1051; x_wconf 89' lang='lat' dir='ltr'>etiam</span> 
     </span>
     <span class='ocr_line' id='line_1_12' title="bbox 158 1084 1709 1152; baseline -0.001 -14"><span class='ocrx_word' id='word_1_78' title='bbox 158 1097 161 1099; x_wconf 73' lang='grc'><strong>’</strong></span> <span class='ocrx_word' id='word_1_79' title='bbox 207 1086 412 1152; x_wconf 83' lang='lat' dir='ltr'>saepius</span> <span class='ocrx_word' id='word_1_80' title='bbox 438 1085 578 1135; x_wconf 87' lang='lat' dir='ltr'>caesi</span> <span class='ocrx_word' id='word_1_81' title='bbox 602 1084 668 1133; x_wconf 91' lang='lat' dir='ltr'>ad</span> <span class='ocrx_word' id='word_1_82' title='bbox 691 1085 1076 1134; x_wconf 86' lang='lat' dir='ltr'>internecionem</span> <span class='ocrx_word' id='word_1_83' title='bbox 1101 1085 1339 1135; x_wconf 88' lang='lat' dir='ltr'>feruntur.</span> <span class='ocrx_word' id='word_1_84' title='bbox 1369 1085 1567 1136; x_wconf 89' lang='lat' dir='ltr'>Arabes</span> <span class='ocrx_word' id='word_1_85' title='bbox 1595 1102 1709 1151; x_wconf 91' lang='lat' dir='ltr'>quo-</span> 
     </span>
     <span class='ocr_line' id='line_1_13' title="bbox 207 1169 1711 1238; baseline -0.001 -16"><span class='ocrx_word' id='word_1_86' title='bbox 207 1187 317 1238; x_wconf 86' lang='lat' dir='ltr'>quc,</span> <span class='ocrx_word' id='word_1_87' title='bbox 342 1175 393 1221; x_wconf 91' lang='lat' dir='ltr'>et</span> <span class='ocrx_word' id='word_1_88' title='bbox 417 1169 586 1220; x_wconf 88' lang='lat' dir='ltr'>Mauri</span> <span class='ocrx_word' id='word_1_89' title='bbox 614 1185 711 1219; x_wconf 94' lang='lat' dir='ltr'>non</span> <span class='ocrx_word' id='word_1_90' title='bbox 738 1171 893 1219; x_wconf 91' lang='lat' dir='ltr'>semel</span> <span class='ocrx_word' id='word_1_91' title='bbox 929 1174 1101 1219; x_wconf 87' lang='lat' dir='ltr'>contra</span> <span class='ocrx_word' id='word_1_92' title='bbox 1128 1186 1228 1233; x_wconf 92' lang='lat' dir='ltr'>eos,</span> <span class='ocrx_word' id='word_1_93' title='bbox 1267 1171 1489 1236; x_wconf 86' lang='lat' dir='ltr'>pertaesi</span> <span class='ocrx_word' id='word_1_94' title='bbox 1514 1175 1587 1221; x_wconf 91' lang='lat' dir='ltr'>tot</span> <span class='ocrx_word' id='word_1_95' title='bbox 1613 1187 1711 1220; x_wconf 91' lang='lat' dir='ltr'>ma-</span> 
     </span>
     <span class='ocr_line' id='line_1_14' title="bbox 206 1254 1716 1318; baseline -0.001 -11"><span class='ocrx_word' id='word_1_96' title='bbox 206 1257 379 1315; x_wconf 82' lang='lat' dir='ltr'>lorum,</span> <span class='ocrx_word' id='word_1_97' title='bbox 418 1255 746 1316; x_wconf 89' lang='lat' dir='ltr'>rebellarunt,</span> <span class='ocrx_word' id='word_1_98' title='bbox 781 1254 1186 1318; x_wconf 86' lang='lat' dir='ltr'>quemadmodum</span> <span class='ocrx_word' id='word_1_99' title='bbox 1227 1259 1277 1304; x_wconf 89' lang='lat' dir='ltr'>et</span> <span class='ocrx_word' id='word_1_100' title='bbox 1315 1255 1444 1305; x_wconf 90' lang='lat' dir='ltr'>aliae</span> <span class='ocrx_word' id='word_1_101' title='bbox 1482 1254 1716 1306; x_wconf 90' lang='lat' dir='ltr'>finitimae</span> 
     </span>
     <span class='ocr_line' id='line_1_15' title="bbox 211 1339 1714 1406; baseline -0.001 -15"><span class='ocrx_word' id='word_1_102' title='bbox 211 1346 400 1406; x_wconf 84' lang='lat' dir='ltr'>gentes,</span> <span class='ocrx_word' id='word_1_103' title='bbox 429 1354 554 1404; x_wconf 86' lang='lat' dir='ltr'>quas</span> <span class='ocrx_word' id='word_1_104' title='bbox 594 1354 764 1389; x_wconf 90' lang='lat' dir='ltr'>omnes</span> <span class='ocrx_word' id='word_1_105' title='bbox 802 1339 969 1389; x_wconf 90' lang='lat' dir='ltr'>multis</span> <span class='ocrx_word' id='word_1_106' title='bbox 1009 1354 1206 1389; x_wconf 91' lang='lat' dir='ltr'>suorum</span> <span class='ocrx_word' id='word_1_107' title='bbox 1244 1339 1468 1389; x_wconf 89' lang='lat' dir='ltr'>cladibus</span> <span class='ocrx_word' id='word_1_108' title='bbox 1508 1356 1714 1391; x_wconf 89' lang='lat' dir='ltr'>necesse</span> 
     </span>
     <span class='ocr_line' id='line_1_16' title="bbox 207 1423 1713 1489; baseline -0.001 -13"><span class='ocrx_word' id='word_1_109' title='bbox 207 1427 489 1477; x_wconf 87' lang='lat' dir='ltr'>habuerunt</span> <span class='ocrx_word' id='word_1_110' title='bbox 535 1439 730 1476; x_wconf 87' lang='lat' dir='ltr'>rursum</span> <span class='ocrx_word' id='word_1_111' title='bbox 754 1424 805 1473; x_wconf 94' lang='lat' dir='ltr'>in</span> <span class='ocrx_word' id='word_1_112' title='bbox 835 1424 1055 1474; x_wconf 91' lang='lat' dir='ltr'>ordinem</span> <span class='ocrx_word' id='word_1_113' title='bbox 1069 1425 1311 1489; x_wconf 84' lang='lat' dir='ltr'>redigere.</span> <span class='ocrx_word' id='word_1_114' title='bbox 1364 1424 1445 1475; x_wconf 85' lang='lat' dir='ltr'>De</span> <span class='ocrx_word' id='word_1_115' title='bbox 1473 1423 1713 1476; x_wconf 83' lang='lat' dir='ltr'>Christia-</span> 
     </span>
     <span class='ocr_line' id='line_1_17' title="bbox 207 1508 1714 1570; baseline -0.001 -10"><span class='ocrx_word' id='word_1_116' title='bbox 207 1510 286 1561; x_wconf 86' lang='lat' dir='ltr'>nis</span> <span class='ocrx_word' id='word_1_117' title='bbox 310 1509 432 1560; x_wconf 89' lang='lat' dir='ltr'>nihil</span> <span class='ocrx_word' id='word_1_118' title='bbox 458 1514 536 1560; x_wconf 89' lang='lat' dir='ltr'>est</span> <span class='ocrx_word' id='word_1_119' title='bbox 563 1508 834 1570; x_wconf 92' lang='lat' dir='ltr'>dicendum,</span> <span class='ocrx_word' id='word_1_120' title='bbox 864 1525 970 1558; x_wconf 90' lang='lat' dir='ltr'>cum</span> <span class='ocrx_word' id='word_1_121' title='bbox 998 1514 1203 1565; x_wconf 81' lang='lat' dir='ltr'>constet,</span> <span class='ocrx_word' id='word_1_122' title='bbox 1246 1509 1295 1558; x_wconf 92' lang='lat' dir='ltr'>in</span> <span class='ocrx_word' id='word_1_123' title='bbox 1331 1509 1402 1558; x_wconf 94' lang='grc'>616</span> <span class='ocrx_word' id='word_1_124' title='bbox 1430 1514 1478 1558; x_wconf 93' lang='grc'>61</span> <span class='ocrx_word' id='word_1_125' title='bbox 1503 1514 1639 1560; x_wconf 88' lang='grc'>16116</span> <span class='ocrx_word' id='word_1_126' title='bbox 1665 1515 1714 1559; x_wconf 92' lang='grc'>61</span> 
     </span>
     <span class='ocr_line' id='line_1_18' title="bbox 207 1593 1712 1661; baseline -0.001 -15"><span class='ocrx_word' id='word_1_127' title='bbox 207 1595 331 1657; x_wconf 81' lang='lat' dir='ltr'>mari</span> <span class='ocrx_word' id='word_1_128' title='bbox 353 1593 729 1661; x_wconf 85' lang='lat' dir='ltr'>persequendis,</span> <span class='ocrx_word' id='word_1_129' title='bbox 757 1593 855 1643; x_wconf 91' lang='lat' dir='ltr'>iam</span> <span class='ocrx_word' id='word_1_130' title='bbox 883 1594 1216 1659; x_wconf 88' lang='lat' dir='ltr'>compluribus</span> <span class='ocrx_word' id='word_1_131' title='bbox 1241 1598 1375 1643; x_wconf 91' lang='lat' dir='ltr'>retro</span> <span class='ocrx_word' id='word_1_132' title='bbox 1404 1593 1560 1656; x_wconf 90' lang='lat' dir='ltr'>annis,</span> <span class='ocrx_word' id='word_1_133' title='bbox 1598 1595 1712 1659; x_wconf 89' lang='lat' dir='ltr'>plus</span> 
     </span>
     <span class='ocr_line' id='line_1_19' title="bbox 206 1677 1711 1745; baseline -0.002 -14"><span class='ocrx_word' id='word_1_134' title='bbox 206 1679 324 1731; x_wconf 89' lang='lat' dir='ltr'>illos</span> <span class='ocrx_word' id='word_1_135' title='bbox 351 1679 604 1745; x_wconf 83' lang='lat' dir='ltr'>accepisse</span> <span class='ocrx_word' id='word_1_136' title='bbox 657 1693 857 1743; x_wconf 91' lang='lat' dir='ltr'>semper</span> <span class='ocrx_word' id='word_1_137' title='bbox 907 1677 1232 1737; x_wconf 89' lang='lat' dir='ltr'>incommodi,</span> <span class='ocrx_word' id='word_1_138' title='bbox 1285 1694 1429 1742; x_wconf 92' lang='lat' dir='ltr'>quam</span> <span class='ocrx_word' id='word_1_139' title='bbox 1477 1677 1579 1727; x_wconf 91' lang='lat' dir='ltr'>illis</span> <span class='ocrx_word' id='word_1_140' title='bbox 1630 1678 1711 1728; x_wconf 91' lang='lat' dir='ltr'>de-</span> 
     </span>
     <span class='ocr_line' id='line_1_20' title="bbox 209 1760 1711 1815; baseline -0.001 0"><span class='ocrx_word' id='word_1_141' title='bbox 209 1764 358 1815; x_wconf 84' lang='lat' dir='ltr'>disse.</span> <span class='ocrx_word' id='word_1_142' title='bbox 424 1764 671 1813; x_wconf 88' lang='lat' dir='ltr'>Tacemus</span> <span class='ocrx_word' id='word_1_143' title='bbox 722 1763 951 1812; x_wconf 88' lang='lat' dir='ltr'>navalem</span> <span class='ocrx_word' id='word_1_144' title='bbox 1006 1762 1142 1812; x_wconf 92' lang='lat' dir='ltr'>illam</span> <span class='ocrx_word' id='word_1_145' title='bbox 1193 1760 1583 1813; x_wconf 79' lang='lat' dir='ltr'>Christianorum</span> <span class='ocrx_word' id='word_1_146' title='bbox 1648 1764 1711 1813; x_wconf 87' lang='lat' dir='ltr'>ad</span> 
     </span>
     <span class='ocr_line' id='line_1_21' title="bbox 205 1847 1710 1911; baseline -0.001 -11"><span class='ocrx_word' id='word_1_147' title='bbox 205 1849 488 1900; x_wconf 89' lang='lat' dir='ltr'>Echinades</span> <span class='ocrx_word' id='word_1_148' title='bbox 546 1847 829 1909; x_wconf 85' lang='lat' dir='ltr'>victoriam,</span> <span class='ocrx_word' id='word_1_149' title='bbox 894 1863 1019 1911; x_wconf 87' lang='lat' dir='ltr'>quae</span> <span class='ocrx_word' id='word_1_150' title='bbox 1082 1847 1205 1897; x_wconf 89' lang='lat' dir='ltr'>adeo</span> <span class='ocrx_word' id='word_1_151' title='bbox 1266 1853 1381 1897; x_wconf 91' lang='lat' dir='ltr'>tunc</span> <span class='ocrx_word' id='word_1_152' title='bbox 1440 1849 1710 1898; x_wconf 89' lang='lat' dir='ltr'>maritimos</span> 
     </span>
     <span class='ocr_line' id='line_1_22' title="bbox 203 1932 1709 2003; baseline -0.001 -18"><span class='ocrx_word' id='word_1_153' title='bbox 203 1935 422 2001; x_wconf 85' lang='lat' dir='ltr'>ipsorum</span> <span class='ocrx_word' id='word_1_154' title='bbox 445 1947 628 2003; x_wconf 85' lang='lat' dir='ltr'>nervos</span> <span class='ocrx_word' id='word_1_155' title='bbox 654 1932 840 1992; x_wconf 75' lang='lat' dir='ltr'>incidit,</span> <span class='ocrx_word' id='word_1_156' title='bbox 868 1937 921 1982; x_wconf 93' lang='grc'>111</span> <span class='ocrx_word' id='word_1_157' title='bbox 947 1934 1010 1983; x_wconf 91' lang='lat' dir='ltr'>ab</span> <span class='ocrx_word' id='word_1_158' title='bbox 1039 1948 1097 1983; x_wconf 93' lang='lat' dir='ltr'>eo</span> <span class='ocrx_word' id='word_1_159' title='bbox 1123 1938 1345 1998; x_wconf 90' lang='lat' dir='ltr'>tempore</span> <span class='ocrx_word' id='word_1_160' title='bbox 1371 1934 1591 1998; x_wconf 91' lang='lat' dir='ltr'>praedae</span> <span class='ocrx_word' id='word_1_161' title='bbox 1604 1935 1709 1983; x_wconf 92' lang='lat' dir='ltr'>ubi-</span> 
     </span>
     <span class='ocr_line' id='line_1_23' title="bbox 205 2002 1708 2086; baseline -0.003 -15"><span class='ocrx_word' id='word_1_162' title='bbox 205 2029 301 2086; x_wconf 87' lang='lat' dir='ltr'>que</span> <span class='ocrx_word' id='word_1_163' title='bbox 321 2002 510 2070; x_wconf 79' lang='lat' dir='ltr'>Italicis</span> <span class='ocrx_word' id='word_1_164' title='bbox 535 2018 750 2068; x_wconf 84' lang='lat' dir='ltr'>navibus</span> <span class='ocrx_word' id='word_1_165' title='bbox 777 2017 972 2068; x_wconf 90' lang='lat' dir='ltr'>fuerint.</span> <span class='ocrx_word' id='word_1_166' title='bbox 988 2017 1132 2068; x_wconf 92' lang='lat' dir='ltr'>Anno</span> <span class='ocrx_word' id='word_1_167' title='bbox 1160 2018 1308 2067; x_wconf 91' lang='lat' dir='ltr'>etiam</span> <span class='ocrx_word' id='word_1_168' title='bbox 1336 2018 1580 2084; x_wconf 91' lang='lat' dir='ltr'>superiori</span> <span class='ocrx_word' id='word_1_169' title='bbox 1594 2019 1708 2068; x_wconf 91' lang='lat' dir='ltr'>duo-</span> 
     </span>
     <span class='ocr_line' id='line_1_24' title="bbox 203 2102 1707 2169; baseline -0.002 -14"><span class='ocrx_word' id='word_1_170' title='bbox 203 2104 441 2169; x_wconf 85' lang='lat' dir='ltr'>deviginti</span> <span class='ocrx_word' id='word_1_171' title='bbox 465 2118 632 2153; x_wconf 92' lang='lat' dir='ltr'>eorum</span> <span class='ocrx_word' id='word_1_172' title='bbox 655 2102 899 2163; x_wconf 87' lang='lat' dir='ltr'>triremes,</span> <span class='ocrx_word' id='word_1_173' title='bbox 916 2102 966 2150; x_wconf 89' lang='lat' dir='ltr'>vi</span> <span class='ocrx_word' id='word_1_174' title='bbox 979 2103 1290 2168; x_wconf 91' lang='lat' dir='ltr'>tempestatis</span> <span class='ocrx_word' id='word_1_175' title='bbox 1305 2103 1554 2168; x_wconf 93' lang='lat' dir='ltr'>abreptas,</span> <span class='ocrx_word' id='word_1_176' title='bbox 1569 2103 1707 2152; x_wconf 88' lang='lat' dir='ltr'>nauf-</span> 
     </span>
     <span class='ocr_line' id='line_1_25' title="bbox 202 2187 1705 2255; baseline -0.003 -15"><span class='ocrx_word' id='word_1_177' title='bbox 202 2190 396 2255; x_wconf 87' lang='lat' dir='ltr'>ragium</span> <span class='ocrx_word' id='word_1_178' title='bbox 422 2203 536 2239; x_wconf 90' lang='lat' dir='ltr'>esse</span> <span class='ocrx_word' id='word_1_179' title='bbox 561 2203 752 2254; x_wconf 89' lang='lat' dir='ltr'>passas</span> <span class='ocrx_word' id='word_1_180' title='bbox 792 2188 1079 2238; x_wconf 74' lang='lat' dir='ltr'>audivimus</span> <span class='ocrx_word' id='word_1_181' title='bbox 1145 2187 1196 2237; x_wconf 83' lang='lat' dir='ltr'>Si</span> <span class='ocrx_word' id='word_1_182' title='bbox 1233 2188 1312 2237; x_wconf 90' lang='lat' dir='ltr'>his</span> <span class='ocrx_word' id='word_1_183' title='bbox 1351 2189 1449 2238; x_wconf 90' lang='lat' dir='ltr'>iam</span> <span class='ocrx_word' id='word_1_184' title='bbox 1477 2203 1705 2238; x_wconf 90' lang='lat' dir='ltr'>annume-</span> 
     </span>
     <span class='ocr_line' id='line_1_26' title="bbox 203 2264 1702 2339; baseline -0.003 -14"><span class='ocrx_word' id='word_1_185' title='bbox 203 2289 397 2337; x_wconf 86' lang='lat' dir='ltr'>remus,</span> <span class='ocrx_word' id='word_1_186' title='bbox 423 2273 541 2339; x_wconf 91' lang='lat' dir='ltr'>quid</span> <span class='ocrx_word' id='word_1_187' title='bbox 565 2264 791 2339; x_wconf 84' lang='lat' dir='ltr'>proxime</span> <span class='ocrx_word' id='word_1_188' title='bbox 830 2274 880 2322; x_wconf 92' lang='lat' dir='ltr'>in</span> <span class='ocrx_word' id='word_1_189' title='bbox 907 2272 1134 2337; x_wconf 89' lang='lat' dir='ltr'>Vngaria</span> <span class='ocrx_word' id='word_1_190' title='bbox 1173 2273 1452 2336; x_wconf 89' lang='lat' dir='ltr'>amiserint,</span> <span class='ocrx_word' id='word_1_191' title='bbox 1507 2273 1702 2338; x_wconf 89' lang='lat' dir='ltr'>qualem</span> 
     </span>
     <span class='ocr_line' id='line_1_27' title="bbox 202 2357 1704 2423; baseline -0.003 -13"><span class='ocrx_word' id='word_1_192' title='bbox 202 2365 545 2411; x_wconf 84' lang='lat' dir='ltr'>veteranorum</span> <span class='ocrx_word' id='word_1_193' title='bbox 595 2359 800 2408; x_wconf 82' lang='lat' dir='ltr'>militum</span> <span class='ocrx_word' id='word_1_194' title='bbox 850 2375 1058 2420; x_wconf 89' lang='lat' dir='ltr'>manum,</span> <span class='ocrx_word' id='word_1_195' title='bbox 1111 2364 1228 2423; x_wconf 91' lang='lat' dir='ltr'>quot</span> <span class='ocrx_word' id='word_1_196' title='bbox 1266 2357 1704 2408; x_wconf 83' lang='lat' dir='ltr'>exercitatissimos</span> 
     </span>
     <span class='ocr_line' id='line_1_28' title="bbox 202 2442 1703 2510; baseline -0.002 -15"><span class='ocrx_word' id='word_1_197' title='bbox 202 2445 324 2495; x_wconf 85' lang='lat' dir='ltr'>belli</span> <span class='ocrx_word' id='word_1_198' title='bbox 348 2444 520 2495; x_wconf 85' lang='lat' dir='ltr'>duces:</span> <span class='ocrx_word' id='word_1_199' title='bbox 547 2460 611 2494; x_wconf 89' lang='lat' dir='ltr'>an</span> <span class='ocrx_word' id='word_1_200' title='bbox 634 2460 732 2494; x_wconf 91' lang='lat' dir='ltr'>non</span> <span class='ocrx_word' id='word_1_201' title='bbox 769 2444 1087 2510; x_wconf 90' lang='lat' dir='ltr'>reperiemus,</span> <span class='ocrx_word' id='word_1_202' title='bbox 1115 2450 1163 2494; x_wconf 93' lang='lat' dir='ltr'>et</span> <span class='ocrx_word' id='word_1_203' title='bbox 1199 2445 1499 2494; x_wconf 86' lang='lat' dir='ltr'>imminutam</span> <span class='ocrx_word' id='word_1_204' title='bbox 1537 2442 1703 2493; x_wconf 91' lang='lat' dir='ltr'>multis</span> 
     </span>
     <span class='ocr_line' id='line_1_29' title="bbox 204 2528 1702 2596; baseline -0.002 -17"><span class='ocrx_word' id='word_1_205' title='bbox 204 2529 429 2596; x_wconf 81' lang='lat' dir='ltr'>partibus</span> <span class='ocrx_word' id='word_1_206' title='bbox 454 2545 619 2579; x_wconf 91' lang='lat' dir='ltr'>eorum</span> <span class='ocrx_word' id='word_1_207' title='bbox 643 2530 911 2595; x_wconf 89' lang='lat' dir='ltr'>potentiam</span> <span class='ocrx_word' id='word_1_208' title='bbox 940 2545 1069 2592; x_wconf 90' lang='lat' dir='ltr'>esse,</span> <span class='ocrx_word' id='word_1_209' title='bbox 1109 2535 1158 2580; x_wconf 91' lang='lat' dir='ltr'>et</span> <span class='ocrx_word' id='word_1_210' title='bbox 1196 2546 1322 2594; x_wconf 91' lang='lat' dir='ltr'>quae</span> <span class='ocrx_word' id='word_1_211' title='bbox 1346 2530 1445 2578; x_wconf 92' lang='lat' dir='ltr'>iam</span> <span class='ocrx_word' id='word_1_212' title='bbox 1482 2528 1556 2577; x_wconf 92' lang='lat' dir='ltr'>eis</span> <span class='ocrx_word' id='word_1_213' title='bbox 1582 2528 1702 2577; x_wconf 91' lang='lat' dir='ltr'>resi-</span> 
     </span>
     <span class='ocr_line' id='line_1_30' title="bbox 206 2613 1701 2677; baseline -0.003 -14"><span class='ocrx_word' id='word_1_214' title='bbox 206 2614 331 2664; x_wconf 84' lang='lat' dir='ltr'>duae</span> <span class='ocrx_word' id='word_1_215' title='bbox 354 2613 488 2664; x_wconf 87' lang='lat' dir='ltr'>vires</span> <span class='ocrx_word' id='word_1_216' title='bbox 501 2619 627 2675; x_wconf 90' lang='lat' dir='ltr'>sunt,</span> <span class='ocrx_word' id='word_1_217' title='bbox 637 2630 739 2676; x_wconf 89' lang='lat' dir='ltr'>eas,</span> <span class='ocrx_word' id='word_1_218' title='bbox 754 2631 815 2664; x_wconf 83' lang='lat' dir='ltr'>ex</span> <span class='ocrx_word' id='word_1_219' title='bbox 828 2615 1014 2677; x_wconf 89' lang='lat' dir='ltr'>inermi,</span> <span class='ocrx_word' id='word_1_220' title='bbox 1035 2620 1091 2667; x_wconf 76' lang='lat' dir='ltr'>‚et</span> <span class='ocrx_word' id='word_1_221' title='bbox 1106 2614 1361 2665; x_wconf 92' lang='lat' dir='ltr'>seminuda</span> <span class='ocrx_word' id='word_1_222' title='bbox 1375 2615 1701 2664; x_wconf 90' lang='lat' dir='ltr'>barbararum</span> 
     </span>
     <span class='ocr_line' id='line_1_31' title="bbox 206 2697 1700 2764; baseline -0.002 -16"><span class='ocrx_word' id='word_1_223' title='bbox 206 2698 421 2764; x_wconf 88' lang='lat' dir='ltr'>gentium</span> <span class='ocrx_word' id='word_1_224' title='bbox 447 2699 656 2750; x_wconf 89' lang='lat' dir='ltr'>colluvie</span> <span class='ocrx_word' id='word_1_225' title='bbox 694 2706 991 2764; x_wconf 84' lang='lat' dir='ltr'>constantes,</span> <span class='ocrx_word' id='word_1_226' title='bbox 1030 2717 1128 2751; x_wconf 91' lang='lat' dir='ltr'>non</span> <span class='ocrx_word' id='word_1_227' title='bbox 1165 2705 1266 2749; x_wconf 89' lang='lat' dir='ltr'>tam</span> <span class='ocrx_word' id='word_1_228' title='bbox 1304 2700 1367 2749; x_wconf 86' lang='lat' dir='ltr'>ad</span> <span class='ocrx_word' id='word_1_229' title='bbox 1404 2697 1700 2757; x_wconf 90' lang='lat' dir='ltr'>bellandum,</span> 
     </span>
     <span class='ocr_line' id='line_1_32' title="bbox 205 2782 1700 2850; baseline -0.003 -16"><span class='ocrx_word' id='word_1_230' title='bbox 205 2798 350 2850; x_wconf 89' lang='lat' dir='ltr'>quam</span> <span class='ocrx_word' id='word_1_231' title='bbox 399 2783 462 2833; x_wconf 91' lang='lat' dir='ltr'>ad</span> <span class='ocrx_word' id='word_1_232' title='bbox 509 2786 856 2848; x_wconf 90' lang='lat' dir='ltr'>perterrendos</span> <span class='ocrx_word' id='word_1_233' title='bbox 905 2788 1092 2836; x_wconf 86' lang='lat' dir='ltr'>frustra</span> <span class='ocrx_word' id='word_1_234' title='bbox 1140 2786 1327 2845; x_wconf 88' lang='lat' dir='ltr'>hostes,</span> <span class='ocrx_word' id='word_1_235' title='bbox 1390 2782 1700 2848; x_wconf 88' lang='lat' dir='ltr'>praedasque</span> 
     </span>
     <span class='ocr_line' id='line_1_33' title="bbox 201 2865 1693 2934; baseline -0.003 -16"><span class='ocrx_word' id='word_1_236' title='bbox 201 2869 422 2934; x_wconf 88' lang='lat' dir='ltr'>agendas</span> <span class='ocrx_word' id='word_1_237' title='bbox 449 2874 774 2933; x_wconf 89' lang='lat' dir='ltr'>comparatas,</span> <span class='ocrx_word' id='word_1_238' title='bbox 802 2876 983 2921; x_wconf 66' lang='lat' dir='ltr'>castra</span> <span class='ocrx_word' id='word_1_239' title='bbox 1022 2887 1188 2921; x_wconf 88' lang='lat' dir='ltr'>eorum</span> <span class='ocrx_word' id='word_1_240' title='bbox 1216 2873 1486 2919; x_wconf 89' lang='lat' dir='ltr'>secuturas.</span> <span class='ocrx_word' id='word_1_241' title='bbox 1517 2865 1693 2931; x_wconf 89' lang='lat' dir='ltr'>Siquis</span> 
     </span>
     <span class='ocr_line' id='line_1_34' title="bbox 201 2951 1694 3022; baseline -0.003 -17"><span class='ocrx_word' id='word_1_242' title='bbox 201 2960 362 3005; x_wconf 90' lang='lat' dir='ltr'>autem</span> <span class='ocrx_word' id='word_1_243' title='bbox 387 2953 437 3002; x_wconf 94' lang='lat' dir='ltr'>id</span> <span class='ocrx_word' id='word_1_244' title='bbox 462 2968 626 3003; x_wconf 88' lang='lat' dir='ltr'>secum</span> <span class='ocrx_word' id='word_1_245' title='bbox 657 2955 854 3019; x_wconf 86' lang='lat' dir='ltr'>cogitet,</span> <span class='ocrx_word' id='word_1_246' title='bbox 881 2957 1200 3022; x_wconf 89' lang='lat' dir='ltr'>praecipuam</span> <span class='ocrx_word' id='word_1_247' title='bbox 1229 2952 1413 3018; x_wconf 88' lang='lat' dir='ltr'>cogniti</span> <span class='ocrx_word' id='word_1_248' title='bbox 1440 2951 1588 3020; x_wconf 83' lang='grc' dir='ltr'>11111116Ι</span> <span class='ocrx_word' id='word_1_249' title='bbox 1621 2967 1694 3000; x_wconf 84' lang='lat' dir='ltr'>or·</span> 
     </span>
     <span class='ocr_line' id='line_1_35' title="bbox 199 3036 1697 3106; baseline -0.002 -17"><span class='ocrx_word' id='word_1_250' title='bbox 199 3040 278 3090; x_wconf 90' lang='lat' dir='ltr'>bis</span> <span class='ocrx_word' id='word_1_251' title='bbox 315 3044 506 3106; x_wconf 90' lang='lat' dir='ltr'>partem</span> <span class='ocrx_word' id='word_1_252' title='bbox 541 3038 759 3104; x_wconf 89' lang='lat' dir='ltr'>ipsorum</span> <span class='ocrx_word' id='word_1_253' title='bbox 794 3041 998 3106; x_wconf 90' lang='lat' dir='ltr'>imperio</span> <span class='ocrx_word' id='word_1_254' title='bbox 1035 3040 1216 3091; x_wconf 88' lang='lat' dir='ltr'>teneri:</span> <span class='ocrx_word' id='word_1_255' title='bbox 1264 3039 1307 3088; x_wconf 89' lang='lat' dir='ltr'>is</span> <span class='ocrx_word' id='word_1_256' title='bbox 1345 3052 1538 3087; x_wconf 86' lang='lat' dir='ltr'>rursum</span> <span class='ocrx_word' id='word_1_257' title='bbox 1575 3036 1697 3087; x_wconf 91' lang='lat' dir='ltr'>illud</span> 
     </span>
    </p>
   </div>
  </div>
 </body>
</html>
