2112 3288
445 189 545 243 158
840 239 844 241 ,
972 210 1037 243 10.
1066 210 1199 244 Drion
1223 212 1421 247 BARovn

437 322 606 373 Aaron
632 322 877 386 Vajvoda,
916 325 1217 391 liberiusque
1257 328 1314 377 de
1352 328 1580 395 Principe
1613 329 1928 395 Sigismundo

438 406 604 471 palam
629 407 820 456 locutus
857 407 1007 466 alieni
1045 410 1107 458 ab
1146 425 1204 460 eo
1243 410 1402 471 animi,
1443 413 1565 460 etin
1591 414 1786 463 Turcas
1812 429 1927 478 pro·

436 489 696 554 pendentis
723 490 1131 553 significationem
1151 494 1430 544 nonnullam
1458 495 1697 547 ediderat.
1738 497 1799 546 Id
1822 512 1930 547 cum

437 572 500 626 ad
524 572 804 639 Principem
828 575 1033 624 allatum
1059 581 1210 633 esset,
1237 578 1494 641 explorato
1518 580 1656 643 prius
1683 595 1773 644 per
1789 578 1929 629 Chri-

441 655 725 721 stophorum
765 657 1033 707 Literatum
1084 658 1144 708 de
1171 659 1448 709 Keresztur
1501 661 1766 725 diligenter
1819 662 1946 712 eius.

437 739 621 801 animO,
673 745 808 789 ratus
858 740 1094 805 Princeps
1134 747 1299 791 cetera
1336 743 1578 793 maleficia
1625 750 1725 794 tum
1762 760 1928 810 perse-

436 823 643 886 quenda,
669 824 754 872 ubi
778 824 912 873 facta
949 830 1074 886 sunt,
1102 825 1440 889 proditionem,
1478 827 1574 876 nisi
1598 828 1929 893 provideatur,

436 921 496 954 ne
523 906 732 968 accidat,
758 907 944 955 frustra
970 907 1167 956 tandem
1193 907 1370 956 iudicio
1408 909 1603 973 inquiri,
1638 912 1789 961 misso
1816 926 1927 960 con-

435 989 598 1037 festim
625 990 676 1037 in
702 990 1002 1039 Moldaviam
1030 988 1265 1054 Grasparo
1293 993 1496 1054 Kornis,
1537 1009 1630 1043 uno
1666 1011 1728 1045 ex
1755 994 1928 1045 Consi-

435 1072 594 1122 liariis
631 1072 828 1133 intimis,
856 1088 962 1121 cum
998 1073 1266 1122 Francisco
1294 1075 1490 1136 Daczo‚
1531 1082 1580 1125 et
1613 1078 1776 1127 multis
1812 1079 1925 1128 aliis

434 1155 705 1205 Siculorum
742 1156 1051 1220 primoribuS,
1085 1155 1332 1206 Aaronem
1382 1160 1730 1222 comprehendi
1783 1166 1832 1209 et
1864 1161 1927 1210 ad

434 1256 489 1290 se
517 1239 706 1299 adduci,
735 1239 1084 1302 custodiaeque
1121 1240 1170 1287 in
1185 1238 1315 1289 Aula
1342 1239 1582 1290 Vincensi
1609 1243 1738 1291 tradi
1768 1243 1926 1304 iussit.

431 1323 528 1377 Illi,
570 1322 864 1372 continuatis
915 1323 1019 1371 dies
1039 1329 1306 1387 noctesque
1345 1325 1616 1386 itineribUS,
1652 1327 1928 1390 Vajvodam

432 1405 870 1470 comprehendunt,
920 1407 1226 1470 vinctumque
1286 1407 1350 1457 ad
1376 1407 1654 1473 Principem
1705 1410 1918 1472 mittunt,

432 1489 626 1553 direpta
672 1489 877 1553 primum
930 1505 1057 1552 gaza
1108 1490 1236 1546 eius,
1289 1506 1431 1554 quam
1484 1493 1647 1541 multis
1697 1494 1919 1543 centenis

431 1586 686 1621 aureorum
713 1571 927 1620 millibus
954 1587 985 1620 a
998 1573 1398 1636 prudentioribus
1432 1575 1740 1625 aestimatam
1766 1576 1929 1643 aiunt,

431 1654 692 1706 Substituit
717 1655 763 1703 ei
789 1653 983 1719 Caspar
1008 1657 1197 1705 Kornis
1223 1672 1465 1707 consensu
1480 1658 1723 1724 Principis
1738 1676 1797 1710 ac
1809 1677 1920 1726 pro-

428 1739 619 1788 vinciae
646 1737 946 1802 Stephanum
972 1739 1317 1802 Hofmannum,
1344 1741 1499 1791 virum
1532 1742 1706 1792 humili
1728 1745 1928 1808 quidem*

431 1838 614 1885 genere
639 1827 818 1884 natum,
871 1823 959 1872 sed
997 1829 1163 1872 tamen
1200 1825 1419 1888 probum,
1470 1827 1773 1888 prudentem,
1801 1826 1933 1885 mili<

430 1912 601 1967 tarem,
628 1911 677 1955 et
702 1906 962 1955 multarum
987 1907 1265 1969 linguarum
1303 1908 1582 1969 cognitione
1599 1910 1922 1974 experientia-

431 2004 524 2052 que
550 2004 712 2038 rerum
740 1989 1075 2039 excellentem.
1117 1991 1168 2039 Is
1207 1996 1460 2055 acceptam
1500 1993 1803 2055 provinciam
1852 1995 1924 2043 fe-

430 2072 590 2121 liciter
616 2073 913 2136 aliquamdiu
938 2074 1246 2136 gubernavit,
1287 2075 1443 2123 donec
1481 2072 1706 2140 Casparo
1734 2077 1922 2125 Kornis

428 2155 541 2204 inde
580 2157 643 2205 ad
681 2156 960 2221 Principem
997 2163 1243 2218 revocato,
1283 2158 1345 2207 ab
1383 2157 1729 2221 ingruentibus,
1748 2164 1923 2223 postea

431 2237 633 2288 Polonis
686 2245 733 2289 et
770 2241 992 2289 Kozacis
1033 2241 1285 2290 Moldavia
1321 2241 1604 2306 pelleretur,
1631 2241 1922 2305 tandemque

431 2323 701 2372 miserabili
746 2324 916 2372 mortis
968 2340 1175 2386 genere,
1227 2331 1279 2373 ut
1322 2330 1495 2388 postea
1522 2324 1721 2385 dicetur,
1765 2325 1921 2374 extin-

432 2411 678 2470 gueretur.
