2112 3288
488 196 588 247 256
1027 213 1092 247 10.
1120 214 1253 248 1111011
1277 215 1473 249 BARovn

485 335 573 392 est,
601 346 660 381 30
684 331 813 380 bono
846 331 1006 379 animo
1047 346 1159 380 0880
1183 331 1338 381 iussit.
1392 333 1517 380 Tum
1555 331 1731 381 iunctis
1769 331 1969 395 agmini·

483 415 575 464 bus
603 414 742 478 quasi
779 414 1212 478 triumphabundus
1240 416 1445 480 Lippam
1492 415 1754 476 invehitur,
1782 415 1971 466 institu-

480 503 558 547 tas
595 498 805 547 hostium
849 497 1138 547 munitiones
1188 499 1468 560 admiratur,
1520 499 1687 548 ruinas
1724 505 1967 550 murorum'

480 582 761 646 perlustrat,
789 581 951 646 capita
977 597 1227 632 caesorem
1255 587 1492 647 aspectat,
1521 588 1569 631 et
1596 582 1730 631 exiis
1744 583 1966 635 omnibus

476 667 625 716 rebus
649 666 795 714 facile
819 665 1016 726 iudicat,
1066 671 1245 730 quanto
1278 682 1384 715 cum
1417 667 1647 732 pericu10‚
1699 671 1747 715 et
1784 671 1965 733 quanta

482 768 591 802 cum
617 751 796 800 virtute
823 751 920 800 sint
945 767 1026 800 res
1064 751 1133 800 ibi
1171 769 1202 800 a
1239 753 1342 802 suis
1381 752 1770 801 administratae.
1811 750 1971 802 Geor-'

478 835 611 899 gium
635 850 724 900 pro
751 835 855 883 eius
880 835 1064 895 merit0,
1092 840 1338 900 totamque
1373 837 1686 885 obsessorum
1713 834 1962 886 cohortem

483 918 743 978 collaudat,
770 923 818 968 et
843 934 948 981 cum
982 919 1108 969 alios
1146 921 1347 969 militum
1371 921 1606 982 tribunos,
1648 925 1743 969 tum
1769 920 1966 970 Petrum
2016 972 2019 975 ,

481 1003 847 1063 Barrabasium,
874 1002 1192 1053 Franciscum
1219 1005 1468 1066 Thurium,
1495 1005 1725 1054 Ioannem
1751 1002 1967 1070 Captari,

480 1103 538 1136 ac
562 1087 862 1151 praefectum
878 1085 1130 1136 Scotorum
1155 1088 1442 1152 singillatim
1459 1090 1734 1154 compellat,
1763 1104 1962 1154 quorum

478 1171 731 1234 egregiam
756 1170 910 1219 fuisse
935 1171 1163 1221 virtutem
1189 1173 1466 1222 testimonio
1490 1170 1697 1236 Georgii
1722 1187 1962 1238 cognove-

476 1259 567 1304 rat.
593 1253 714 1303 Post
739 1254 862 1304 haec
884 1255 1057 1319 paucis
1082 1256 1151 1304 ibi
1177 1256 1326 1320 quieti
1354 1256 1802 1318 (110111180011008818,
1827 1256 1962 1306 Prin-

478 1354 595 1403 ceps
621 1338 832 1388 militare
859 1339 1112 1388 consilium
1138 1340 1320 1401 indicit,
1373 1346 1422 1390 et
1458 1341 1826 1392 reducendaene
1864 1341 1962 1391 sint

476 1422 660 1486 copiae,
687 1439 750 1471 an
762 1422 968 1472 ulterius
994 1426 1366 1488 promovendae,
1400 1425 1852 1490 Tomosvarumque
1878 1426 1962 1476 ob-

477 1506 742 1564 sidendum,
783 1508 1086 1558 deliberandi
1125 1525 1274 1559 031183
1306 1511 1574 1575 proposuit.
1604 1511 1733 1560 Tres
1758 1511 1827 1560 ibi
1853 1525 1960 1560 8011-

473 1590 653 1640 tentias
678 1591 832 1641 fuisse
859 1593 1117 1657 comperio.
1169 1593 1398 1659 Plerique
1437 1595 1562 1644 enim
1589 1595 1857 1645 censebant
1884 1610 1960 1646 co-

472 1675 582 1741 pias
648 1676 838 1738 omnino
892 1677 1228 1740 dimittendaS,
1281 1695 1385 1728 cum
1434 1679 1644 1729 nondum
1694 1695 1782 1730 ver
1829 1685 1962 1730 esset

475 1760 706 1819 adultum,
745 1777 837 1810 nec
864 1762 975 1826 equi
1013 1763 1136 1811 satis
1163 1764 1224 1812 ad
1261 1764 1438 1813 iustum
1476 1765 1741 1828 gerendum
1779 1765 1959 1816 bellum

472 1844 754 1894 confirmati.
806 1843 1042 1895 Sufficere
1080 1862 1206 1896 nunc
1254 1847 1381 1896 hanc
1418 1848 1687 1910 victoriam,
1743 1849 1870 1913 quod
1908 1852 1957 1897 et

472 1929 635 1994 Lippa
662 1928 919 1979 obsidione
946 1935 1079 1979 esset
1104 1931 1327 1992 liberata,
1368 1931 1589 1996 finesque
1615 1933 1743 1983 salui
1757 1947 1950 1984 conser-

475 2013 589 2075 vati,
638 2017 686 2062 et
722 2013 891 2063 hostes
930 2029 1025 2063 non
1064 2015 1244 2079 exigua
1268 2016 1409 2065 clade
1436 2022 1641 2081 accepta
1679 2017 1728 2066 in
1766 2002 1957 2081 turpem

469 2098 640 2160 fugam
677 2098 823 2147 versi.
889 2097 1057 2149 Affore
1094 2101 1241 2164 paulo
1279 2105 1393 2165 post
1432 2100 1727 2151 commodius
1752 2106 1956 2165 tempus,

473 2197 568 2246 quo
595 2186 644 2230 et
666 2182 995 2246 provinciales
1020 2184 1360 2235 instructiores
1388 2200 1445 2234 ac
1472 2168 1750 2235 ¹alacriores
1774 2187 1948 2245 forent,

472 2270 522 2314 et
547 2265 717 2329 copiae
734 2264 1058 2316 Germanicae
1085 2283 1191 2317 cum
1218 2269 1433 2318 exercitu
1463 2268 1748 2332 Hungarico
1773 2268 1952 2333 partim

470 2348 740 2399 subsidium
765 2350 1023 2411 mitterent,
1049 2353 1229 2416 partim
1255 2354 1462 2402 obsessa
1507 2354 1672 2416 aliqua
1711 2368 1838 2413 arce,
1878 2368 1954 2402 00-

472 2434 717 2483 casionem
765 2435 837 2483 rei
886 2436 1058 2485 melius
1118 2439 1361 2500 gerendae
1410 2437 1722 2502 praebiturae
1773 2442 1953 2487 essent.

469 2518 734 2583 Displieuit
781 2517 893 2568 aliis
941 2519 1065 2569 haec
1125 2521 1365 2577 cunctatio
1381 2560 1392 2580 ,
1422 2536 1513 2582 00,
1571 2521 1698 2586 quod
1747 2521 1952 2570 victoria

471 2601 713 2662 utendum,
739 2618 798 2651 ac
823 2602 1069 2653 occasioni
1095 2604 1369 2654 instandum
1410 2605 1640 2666 dicerent,
1680 2619 1777 2669 qua
1801 2605 1950 2655 semel

472 2687 669 2748 amissa,
693 2687 877 2736 frustra
901 2692 1077 2753 postea
1113 2690 1354 2738 maximae
1381 2704 1602 2753 quaeque
1627 2703 1708 2738 res
1732 2688 1782 2737 in
1807 2688 1951 2750 bello,

473 2771 602 2837 quod
625 2771 756 2821 fama
780 2771 988 2821 maxime
1014 2778 1273 2833 constaret,
1311 2778 1628 2823 tentarentur.
1666 2773 1807 2822 Nunc
1831 2773 1951 2822 Bar-

471 2857 621 2905 baros
647 2856 710 2904 ab
736 2856 989 2906 obsidione
1027 2858 1178 2918 111808,
1215 2873 1311 2907 non
1335 2874 1507 2923 parum
1533 2872 1645 2907 esse
1671 2860 1949 2906 consterna-

473 2945 563 3001 tos,
589 2939 660 2988 ita
684 2945 737 2989 ut
760 2946 888 2989 metu
914 2942 1141 3005 perculsi,
1168 2942 1248 2990 vel
1275 2957 1435 2991 arcem
1450 2941 1596 2990 etiam
1612 2941 1771 3004 ipsam
1785 2940 1946 2988 deser-

470 3023 579 3085 turi,
602 3023 682 3074 vel
698 3028 829 3077 certe
847 3026 1075 3094 exemplo
1090 3025 1411 3094 Lippensium
1439 3031 1583 3093 atque
1597 3022 1946 3084 Jeneiensium,
