2112 3288
447 207 550 259 262
955 220 1019 253 10.
1045 219 1178 252 nucu
1203 218 1402 254 BARovn

450 338 663 403 Lippam
687 337 955 402 praemisit,
1002 352 1059 385 ac
1086 336 1435 399 conquiescere
1476 341 1589 385 ante
1629 336 1724 384 iter
1751 333 1939 384 confec-

446 427 548 471 tum
585 421 751 470 vetuit.
789 420 885 469 His
924 419 1170 485 explicitis
1221 422 1382 483 rebus,
1434 420 1576 483 signo
1626 417 1942 484 profectionis

448 505 576 565 dato,
602 518 728 553 vasa
754 504 914 552 omnia
952 503 1054 551 vini
1091 502 1299 563 incendi,
1327 519 1386 552 ac
1410 502 1758 568 impedimenta
1781 501 1944 550 omnia

445 602 543 637 non
582 587 870 636 necessaria
909 586 1101 635 absumi
1148 586 1309 647 iubet,
1362 587 1630 651 copiasque
1670 600 1837 634 omnes
1883 584 1943 634 de

449 675 626 736 quarta
649 670 822 733 vigilia
849 670 1052 719 eductas
1093 670 1262 719 eodem
1299 670 1475 719 itinere
1515 667 1797 735 praemittit,
1834 683 1944 732 para

446 768 606 818 voque
632 754 792 818 spatio
818 752 1112 812 intermiss0,
1151 757 1204 801 ut
1228 752 1438 802 militare
1463 753 1739 802 institutum
1778 765 1943 801 serva-

450 840 598 898 retur,
625 852 750 885 vasa
766 836 1063 886 conclamari
1077 836 1225 885 iubet.
1253 838 1369 900 Ipse
1385 852 1576 900 quoque
1592 835 1759 885 statim
1776 849 1944 897 egres·

448 934 547 979 sus,
561 918 749 968 relictis
763 919 1007 968 nonnullis
1028 917 1327 978 cohortibus,
1345 935 1470 983 quae
1489 925 1758 969 extremum
1771 931 1946 981 agmen

397 1004 400 1007 ”
450 1002 746 1062 clauderent,
773 1006 827 1051 ut
856 1001 983 1050 lente
1009 1001 1391 1065 procedentibus
1418 1002 1739 1066 fatigatisque
1766 1000 1946 1069 auxilio

457 1100 569 1134 esse
594 1071 812 1149 possent,
842 1085 1067 1133 celeriter
1082 1100 1108 1132 e
1124 1090 1387 1148 conspectu
1412 1085 1550 1134 urbis
1568 1083 1811 1133 discessit.
1838 1082 1949 1144 Qua

450 1183 505 1216 re
531 1168 958 1231 cognitaTurcae,
987 1166 1069 1230 qui
1096 1167 1259 1215 audito
1276 1173 1546 1218 castrorum
1574 1167 1799 1232 strepitu,
1827 1165 1949 1216 nihil

448 1251 544 1299 nisi
569 1251 765 1300 ultimos
791 1255 1069 1300 nostrorum
1097 1255 1300 1300 conatus
1327 1251 1775 1316 praestolabantur,
1800 1250 1948 1314 maio-

448 1333 588 1383 ribus
613 1335 663 1383 in
690 1335 928 1384 abeuntes
954 1339 1150 1384 nostros
1176 1335 1433 1384 tormentis
1459 1336 1696 1397 intonant,
1725 1334 1946 1385 volunta-

449 1422 646 1480 temque
662 1417 771 1478 sibi,
797 1433 893 1467 non
908 1417 1056 1478 vires,
1072 1418 1135 1467 ad
1150 1418 1511 1482 propulsandos
1532 1418 1702 1468 hostes
1730 1417 1949 1468 defuisse

453 1500 729 1550 ostendunt.
759 1500 888 1549 Nam
916 1505 1030 1549 ante
1054 1500 1105 1548 id
1130 1505 1336 1565 tempus,
1376 1517 1439 1550 ne
1475 1517 1619 1552 unum
1657 1502 1852 1566 quidem
1889 1516 1950 1551 ex

455 1582 721 1633 maioribus
746 1583 1002 1631 tormentis
1042 1582 1379 1643 adhibuerant,
1418 1599 1509 1633 nec
1544 1584 1640 1633 nisi
1683 1585 1951 1635 minoribus

451 1671 800 1716 tormentorum
826 1667 1092 1730 generibus
1118 1667 1196 1715 usi
1220 1668 1428 1717 fucrant.
1459 1667 1611 1728 'Quod
1638 1683 1797 1732 genus
1821 1669 1951 1719 frau-

450 1750 526 1799 dis
553 1765 718 1799 eorum
744 1751 807 1799 ab
834 1751 894 1799 iis
922 1750 1231 1814 potissimum
1262 1752 1355 1800 fuit
1393 1752 1722 1814 observatum,
1764 1752 1847 1817 qui
1886 1753 1950 1802 ad

449 1834 771 1897 irruptionem
809 1834 1094 1883 tentandam
1122 1835 1370 1898 designati
1398 1851 1567 1885 omnes
1589 1835 1801 1899 undique
1826 1834 1949 1894 vias,

455 1922 504 1967 et
531 1917 694 1967 aditus
719 1918 849 1967 intra
887 1918 1055 1967 ruinas
1095 1934 1352 1979 murorum,
1393 1920 1659 1970 maioribus
1697 1918 1951 1968 tormentis

452 2003 688 2066 obseptos
731 2002 1194 2064 animadverterunt,
1232 2003 1319 2064 ita,
1353 2009 1406 2052 ut
1432 2005 1474 2052 si
1511 2005 1640 2053 forte
1676 2002 1832 2053 nostri
1871 2017 1949 2051 su-

454 2085 643 2148 peratis
671 2085 912 2134 moenium
939 2086 1093 2134 ruinis
1119 2087 1388 2151 irrumpere
1417 2087 1579 2150 conati
1604 2086 1827 2146 fuissent,
1854 2101 1950 2135 non

452 2167 549 2214 nisi
587 2167 924 2216 funestissima
958 2167 1096 2216 clade
1138 2168 1479 2217 densissimam
1516 2168 1651 2217 illam
1690 2172 1951 2217 tormento-

452 2263 558 2297 rum
585 2249 763 2297 seriem
791 2249 1068 2312 superaturi
1082 2250 1258 2298 forent.
1286 2252 1460 2314 Itaque
1486 2250 1682 2300 Turcae
1708 2250 1865 2314 portis
1893 2265 1950 2299 se

454 2336 778 2395 erumpentes,
826 2333 937 2380 loca
985 2338 1256 2382 castrorum
1301 2340 1577 2383 nostrorum
1615 2332 1803 2396 ingenti
1841 2347 1950 2381 cum

446 2414 652 2476 ,laetitia
678 2416 928 2476 invadunt,
957 2432 1015 2464 ac
1029 2416 1234 2480 direptis
1251 2419 1599 2467 commeatibus
1627 2418 1708 2481 qui
1723 2418 1784 2466 ob
1811 2416 1949 2466 festi-

455 2499 709 2547 nationem
746 2499 815 2561 ibi
853 2499 1049 2548 fuerant
1087 2500 1261 2560 relicti,
1302 2501 1521 2550 solennia
1546 2501 1767 2550 laetitiae
1805 2500 1951 2563 signa

462 2581 731 2651 ediderunt.
769 2580 1107 2631 Praemiserat
1135 2583 1371 2632 Hazonus
1409 2584 1572 2633 Bassa
1610 2589 1952 2634 antecursores

457 2680 519 2713 ex
546 2665 648 2713 suis
679 2665 849 2729 copiis,
876 2681 1138 2729 eorumque
1166 2681 1331 2730 opera,
1375 2668 1603 2731 quidnam
1629 2667 1786 2716 nostri
1810 2667 1943 2716 moli-

452 2754 636 2808 rentur,
657 2737 964 2812 'cognoscere
990 2751 1229 2799 voluerat.
1256 2750 1525 2814 Postquam
1550 2752 1585 2800 ii
1611 2757 1757 2800 noctu
1772 2752 1949 2801 castris

453 2825 957 2896 appropinquassent,
1019 2833 1183 2882 audito
1245 2839 1589 2899 tympanorum
1639 2835 1802 2885 sonitu
1852 2835 1950 2884 rati

457 2914 834 2977 Transylvanos
863 2916 1056 2966 obviam
1084 2916 1405 2966 auxiliaribus
1432 2918 1628 2967 Hazoni
1667 2918 1822 2982 copiis
1837 2933 1948 2983 pro-

455 2999 687 3059 fecturos,
715 2999 888 3063 pedem
917 3015 1059 3063 quam
1098 3000 1350 3049 celerrime
1388 3002 1619 3062 referunt,
1660 3001 1947 3065 Bassaequc
