2112 3288
570 208 635 240 DE
660 208 768 242 ΗΕΒ.
795 208 906 243 VNG.
935 209 1045 242 nne.
1086 211 1132 244 x.
1159 212 1202 244 L.
1231 213 1337 244 vm.
1499 200 1506 203 ’
1637 201 1735 253 179

234 319 567 375 Barbarorum
605 320 913 373 incursiones
964 324 1266 387 tutabantur,
1294 327 1520 378 fortunae
1548 332 1736 394 pericu-

207 401 211 406 *
232 410 332 458 lum
354 406 546 466 facturi,
562 405 845 456 Danubium
870 406 1268 469 transmiserant,
1297 413 1346 457 et
1363 413 1574 461 vastatis
1588 413 1736 478 longe

229 491 428 554 lateque
454 489 913 539 circumiacentibus
938 490 1076 551 locis,
1093 506 1259 540 arcem
1284 493 1458 542 Bodva
1484 509 1736 560 expugna-

228 569 287 623 re
310 577 598 623 statuerant.
624 572 943 622 Inaudierant
967 572 1019 622 id
1044 572 1255 636 Turcae,
1285 580 1335 624 et
1359 577 1590 628 mandato
1611 577 1736 629 an-

229 656 361 707 saris
386 671 595 720 magnas
623 657 795 721 copias
836 657 957 706 duce
990 657 1210 708 Ferhato
1249 658 1414 708 Bassa
1452 668 1736 725 coegerant,

229 741 422 806 quibuS,
448 741 560 790 dum
574 740 733 790 iustus
756 741 1003 791 exercitus
1021 740 1450 808 Constantinopoli
1475 749 1738 812 appropin-

236 829 426 890 quaret,
487 825 698 890 impetus
737 825 1242 891 depopulationesque
1293 826 1639 880 Moldavorum
1688 838 1737 881 et

230 908 694 974 Transylvanorum
720 915 1018 959 coercerent.
1047 908 1148 958 Sed
1172 926 1263 960 nec
1301 910 1538 975 Vngaros
1576 914 1627 962 id
1665 916 1734 964 la-

226 991 334 1054 tuit,
375 991 572 1056 quando
612 994 956 1057 exploratores
995 993 1135 1042 missi
1184 993 1432 1057 ingentem
1459 995 1735 1047 Turcarum

226 1073 584 1125 multitudinem
621 1080 844 1125 coactam
881 1074 1234 1139 significarent,
1269 1082 1317 1126 et
1354 1077 1404 1125 ni
1444 1078 1541 1127 sibi
1579 1086 1732 1129 matu-

228 1174 285 1209 re
333 1173 559 1208 remenso
610 1157 843 1208 Danubio
896 1159 1221 1220 consulerent,
1274 1159 1471 1209 iamiam
1535 1178 1621 1212 eos
1665 1163 1735 1212 af-

228 1243 350 1305 fore,
389 1247 440 1292 et
475 1248 746 1293 extremam
783 1242 845 1291 iis
884 1243 1269 1293 internecionem
1307 1243 1552 1294 allaturos
1591 1262 1734 1311 prae-

229 1318 600 1378 nunciaveran't.
663 1327 1102 1376 Verumenimvero
1146 1327 1429 1391 promiscua
1489 1329 1735 1379 hominum

229 1411 482 1472 colluvies,
535 1410 688 1460 armis
731 1410 927 1475 quidem
964 1411 1238 1461 tractandis
1277 1417 1357 1461 sat
1391 1412 1588 1477 idonea,
1641 1414 1731 1463 sed

230 1493 561 1560 compluribus
589 1493 861 1558 superioris
887 1495 1092 1543 brumae
1119 1495 1432 1545 successibus
1457 1496 1588 1546 iusto
1622 1498 1734 1561 plus

230 1578 379 1639 elata,
405 1592 498 1626 nee
534 1577 598 1627 ab
637 1577 1036 1641 exploratoribus
1075 1578 1382 1641 persuaderi,
1423 1595 1516 1628 nec
1554 1596 1585 1628 a
1622 1595 1734 1643 pru-

231 1660 537 1711 dentioribus
589 1660 795 1709 ducibus
839 1660 1069 1724 compelli
1106 1661 1290 1724 potuit,
1330 1662 1587 1725 quominus
1628 1678 1734 1711 cum

230 1745 420 1809 ingenti
433 1745 770 1793 Barbarorum
796 1744 1103 1793 multitudine
1128 1744 1328 1793 iamiam
1353 1745 1403 1792 in
1429 1745 1581 1794 horas
1608 1746 1733 1794 affu-

228 1833 342 1878 tura
368 1827 673 1891 confligeret.
701 1829 780 1878 Ita
806 1843 915 1877 cum
941 1828 1139 1877 obviam
1166 1828 1346 1876 Turcis
1387 1829 1735 1890 occurrissent,

230 1917 280 1962 et
304 1911 470 1962 multis
494 1911 632 1960 horis
659 1926 876 1976 eousque
914 1911 1157 1975 praelium
1183 1912 1329 1976 pauci
1356 1917 1528 1962 contra
1555 1914 1734 1962 multos

230 1996 576 2058 sustinussent,
604 1997 768 2060 quoad
792 1996 981 2045 viribus
1009 2000 1058 2045 et
1081 1996 1287 2060 pulvere
1314 1997 1631 2046 tormentario
1656 1997 1735 2046 de-

229 2080 458 2131 ficerent:
503 2080 702 2129 tandem
753 2079 1131 2142 superveniente
1194 2094 1324 2127 nova
1387 2084 1732 2129 veteranorum

229 2163 567 2214 Barbarorum
581 2178 741 2224 manu,
755 2163 923 2226 fugam
938 2162 1161 2227 arripere
1177 2167 1431 2225 coguntur.
1447 2164 1646 2213 Instant
1661 2164 1733 2211 fu-

229 2249 480 2314 gientibus
505 2247 691 2298 nostris
718 2248 943 2309 Barbari,
971 2262 1176 2311 cumque
1214 2247 1524 2311 superiorum
1561 2263 1737 2297 memo-

227 2333 305 2382 ria
318 2331 531 2381 cladium
555 2332 716 2395 magis
744 2336 892 2395 atque
918 2331 1080 2394 magis
1098 2330 1533 2392 inflammarentur,
1548 2332 1737 2395 ingenti

229 2431 586 2482 usquequaque
609 2416 660 2465 in
696 2430 782 2465 eos
809 2415 962 2464 caede
990 2414 1295 2464 desaeviunt.
1348 2415 1523 2466 Nostri
1550 2431 1657 2464 cum
1708 2432 1738 2463 a

233 2501 398 2551 fronte
423 2500 720 2562 Danubium,
761 2517 791 2549 a
817 2505 961 2563 tergo
988 2500 1242 2548 Barbaros
1281 2500 1537 2561 haberent,
1575 2499 1739 2561 ignari

234 2597 330 2648 quo
371 2598 427 2632 se
464 2581 758 2647 reciperent,
798 2598 906 2633 cum
946 2598 1136 2632 omnem
1162 2583 1341 2633 salutis
1384 2598 1523 2647 spem
1548 2583 1598 2630 in
1623 2583 1739 2631 forti

232 2682 402 2732 pugna
426 2665 637 2730 positum
666 2666 902 2728 viderent,
943 2661 1340 2717 cruentissimam
1377 2666 1604 2715 hostibus
1643 2666 1741 2714 vic-

232 2749 410 2800 toriam
433 2748 712 2813 relinquere
738 2755 1026 2800 statuerunt.
1054 2752 1134 2800 Ita
1158 2751 1427 2801 fortissime
1453 2750 1737 2814 pugnando,

235 2838 286 2883 et
309 2832 558 2892 maiorem,
598 2847 745 2895 quam
769 2849 859 2898 pro
897 2848 1114 2896 numerO,
1143 2833 1478 2883 Barbarorum
1519 2837 1741 2895 stragem

234 2916 439 2978 edendo,
466 2914 789 2966 miserrimam
815 2922 1019 2967 mortem
1058 2918 1383 2982 oppetierunt,
1425 2921 1474 2964 et
1513 2915 1639 2975 aliis,
1680 2932 1740 2964 ne

234 3000 382 3051 nimia
406 2999 683 3049 temeritate
709 3015 763 3050 se
789 3001 1112 3065 pessumdare
1139 3005 1441 3063 satagerent,
1479 3014 1603 3047 neve
1629 2999 1742 3048 hos-

1447 3091 1525 3132 12*
