2112 3288
601 194 665 227 nn
690 193 917 227 REBNNG.
946 193 1056 227 nnc.
1094 194 1139 226 x.
1168 195 1213 227 L.
1242 195 1301 228 VI.
1536 234 1542 237 ,
1615 180 1713 232 131

215 319 373 376 ratus,
399 311 528 378 apud
567 310 822 375 gemonias
851 310 1068 360 civitatis
1096 311 1262 360 scalas
1305 311 1466 376 capite
1491 318 1715 364 truncan-

215 404 307 462 tur,
334 402 386 448 et
409 396 597 446 duobus
623 394 871 460 prioribus
898 394 948 443 in
973 393 1158 459 templo
1198 396 1421 460 sepultis,
1460 395 1639 460 reliqui
1665 397 1715 446 in

217 479 557 534 coemeterium
615 479 744 538 elati,
807 478 975 542 ibique
1039 479 1267 528 tumulati
1316 480 1468 529 fuere.
1519 479 1718 544 Reliqui

217 581 395 648 eorum,
421 565 492 614 ita
516 564 567 613 in
592 563 843 613 custodias
872 563 1018 613 divisi
1058 562 1209 624 fuere,
1250 568 1303 612 ut
1327 562 1599 612 Balthasar
1624 564 1718 613 Ba-

214 651 414 703 thoreus
440 664 548 699 cum
573 648 876 711 Volffgango
902 647 1209 697 Kovaciocio
1238 647 1544 711 UJvarinum,
1559 647 1716 697 Fran-

215 735 372 786 ciscus
413 749 521 786 cum
560 735 745 784 Ioanne
783 732 1106 783 Bornemisza
1134 731 1452 798 Gyaluinum,
1503 734 1716 782 Ioannes

215 817 450 880 Gerendi,
480 816 718 867 Albertus
745 815 954 881 Lonyai,
985 814 1240 880 Georgius
1257 814 1717 878 Szalanci,Baltha-

212 899 302 953 sar·
322 900 553 966 Szilvasy
593 900 775 950 Albam
812 899 1120 950 ducerentur.
1176 898 1276 949 Sed
1316 915 1378 949 ex
1404 900 1480 949 his
1507 904 1715 965 quatuor

210 987 515 1053 posteriores
555 985 814 1036 clementia
851 983 1124 1050 Principis,
1175 984 1278 1034 vita
1319 985 1499 1048 donati,
1538 985 1716 1050 reliqui

211 1086 380 1122 omnes
415 1071 530 1136 lege
567 1071 710 1134 Iulia,
762 1069 954 1122 scilicet
994 1069 1290 1131 Maiestatis,
1336 1070 1557 1121 nonnulli
1595 1086 1714 1120 vero

211 1156 359 1207 etiam
385 1157 535 1207 exiis
562 1154 793 1206 Cornelia
823 1155 884 1204 de
925 1155 1119 1204 sicariis
1158 1155 1484 1217 condemnati,
1525 1156 1713 1205 decimo

211 1241 379 1306 quinto
427 1247 544 1306 post
590 1241 785 1306 priores
836 1241 914 1289 die
954 1240 1104 1289 vitam
1141 1240 1325 1289 finiere.
1378 1239 1620 1306 Princeps
1660 1245 1715 1290 ut

211 1327 367 1376 variis
393 1326 639 1377 hominum
665 1342 725 1375 ea
752 1326 811 1374 de
838 1342 892 1375 re
920 1325 1229 1374 sermonibus
1270 1340 1330 1373 ac
1354 1325 1549 1374 iudiciis
1565 1326 1712 1376 satis-

210 1413 412 1475 faceret,
437 1414 588 1476 longa
615 1427 670 1460 se
698 1410 918 1460 oratione
946 1410 1218 1470 excusavit,
1246 1425 1344 1459 non
1372 1424 1427 1458 se
1454 1409 1578 1460 haec
1605 1427 1712 1460 cru·
1755 1452 1759 1456 .

211 1498 427 1559 delitate,
454 1497 545 1547 sed
569 1496 871 1546 necessitate
905 1499 1128 1544 coactum
1153 1494 1348 1549 fecisse,
1389 1500 1438 1543 et
1464 1511 1591 1559 quae
1617 1495 1715 1545 sibi

208 1593 284 1644 iffi
309 1581 576 1631 machinati
601 1582 827 1641 fuissent,
854 1580 904 1628 in
931 1593 1096 1628 eorum
1126 1578 1292 1643 capita
1319 1578 1616 1641 revolvisse3
1643 1594 1713 1642 se,

208 1686 262 1731 ut
288 1682 454 1718 eorum
481 1681 603 1729 erga
629 1681 683 1715 se
708 1663 1107 1714 benevolentiam
1144 1667 1380 1725 tueretur,
1431 1678 1529 1712 non
1568 1677 1713 1712 secus

210 1767 399 1819 eos,‚ac
422 1757 609 1817 patres,
635 1756 683 1800 et
708 1751 904 1809 fratres,
933 1752 1083 1812 atque
1123 1747 1249 1796 adeo
1284 1747 1526 1812 pupillam
1551 1748 1713 1797 oculo-

208 1853 315 1887 rum
343 1837 658 1897 observasse,
685 1834 848 1884 omnia
891 1833 992 1882 illis
1032 1846 1297 1896 erogasse,
1337 1831 1433 1881 sibi
1457 1831 1581 1881 nihil
1604 1847 1715 1897 pro-

211 1922 470 1988 pemodum
495 1920 772 1986 reliquisse.
801 1918 871 1968 At
896 1933 1014 1967 vero
1043 1932 1130 1966 eos
1160 1932 1252 1981 pro
1278 1917 1430 1966 tantis
1460 1917 1713 1966 beneficiis

212 2007 479 2074 pessimam
503 2006 719 2072 gratiam
748 2005 843 2054 sibi
882 2002 1134 2066 retulisse,
1162 2007 1215 2052 ut
1241 2002 1349 2066 ipse
1376 2018 1403 2051 e
1427 2001 1603 2066 Regno
1629 2003 1714 2051 eli-

209 2094 491 2152 minaretur,
518 2091 711 2141 aliusve
737 2092 1104 2152 surrogaretur,
1144 2091 1349 2136 conatos
1381 2087 1552 2136 fuisse.
1584 2086 1714 2147 Quo-

174 2244 179 2245 ⁷
208 2193 315 2227 rum
351 2176 562 2225 omnium
601 2172 990 2239 locupletissima
1030 2186 1084 2220 se
1123 2172 1419 2234 testimonia,
1449 2188 1508 2221 ac
1531 2172 1712 2222 indicia

210 2261 428 2328 propriis
479 2276 647 2311 eorum
695 2257 1060 2322 ’chirographis
1126 2258 1446 2322 comprobata
1507 2257 1710 2315 habere,

207 2345 423 2396 Proinde
448 2345 608 2395 Deum
632 2344 806 2409 ipsum,
835 2358 895 2392 ac
921 2342 1087 2390 coelos
1109 2355 1179 2400 se,
1209 2341 1569 2406 universosque
1583 2358 1711 2393 mor-

210 2431 340 2481 tales
354 2431 638 2492 contestari‚
663 2444 762 2479 non
788 2443 842 2478 se
867 2425 1142 2477 tristissimi
1154 2426 1297 2475 huius
1311 2426 1531 2491 ipsorum
1560 2427 1710 2477 exitii.

210 2515 301 2566 sed
326 2532 381 2567 se
406 2517 544 2582 ipsos
573 2530 752 2566 causas
780 2529 908 2574 esse,
936 2512 1066 2578 quod
1092 2512 1239 2560 etiam
1263 2511 1373 2575 ipse
1389 2511 1710 2561 acerbissimo

211 2600 370 2650 animo
408 2603 658 2651 toleraret.
713 2599 813 2650 Sed
863 2598 1093 2664 quoniam
1141 2595 1343 2646 intersit
1392 2596 1710 2661 reipublicae,

209 2684 332 2734 talia
356 2686 581 2751 exempla
607 2685 922 2736 severissime
954 2681 1208 2742 vindicari,
1266 2681 1378 2745 ipsa
1415 2695 1470 2729 se
1507 2680 1710 2729 invitum

208 2769 506 2819 necessitate
531 2770 746 2820 muneris
772 2770 836 2819 ad
861 2770 953 2818 has
967 2782 1156 2834 poenas
1180 2765 1483 2828 irrogandas
1511 2765 1710 2814 descen.

209 2853 357 2904 disse.
421 2853 516 2903 His
553 2859 702 2918 atque
740 2853 985 2904 similibus
1023 2857 1290 2918 postquam
1331 2864 1386 2897 se
1413 2863 1578 2898 coram
1601 2853 1710 2898 tota

209 2937 467 2987 nobilitate
500 2942 806 2999 excusasset,
844 2937 1060 2987 dimissis
1102 2933 1332 2993 comitiis,
1385 2932 1563 2982 Albam
1600 2933 1709 2998 ipse

209 3038 403 3088 quoque
427 3037 660 3072 reversus
687 3027 778 3072 est.

1420 3112 1472 3153 9²}²
