2112 3288
561 197 626 229 DE
666 195 758 229 Rue
787 195 901 229 vno.
931 196 1044 230 Duo.
1071 198 1118 231 x.
1147 198 1191 231 L.
1220 200 1264 232 v.
1540 213 1548 216 -
1646 185 1736 233 93,

57 303 60 311 ’
140 310 143 311 ’
191 297 387 377 ,bellum
411 311 614 373 coirent,
641 326 876 376 repressa
895 312 1090 361 interim
1117 312 1338 371 hostium·
1355 314 1558 372 ferocia,
1585 310 1715 377 fidei,

202 395 496 460 virtutisque
523 410 644 444 suae
672 387 1011 448 documentum
1036 397 1108 445 eis
1123 391 1376 461 praebeat.
1414 396 1714 446 Persuasum

173 466 183 471 '³
203 475 303 529 sibi
325 494 455 549 lesse,
483 484 536 529 ut
560 481 799 530 Ioannem
825 480 1032 544 Regem,
1068 485 1116 530 et
1158 481 1242 544 qui
1267 486 1444 546 postea
1472 481 1716 545 Transyl-

178 563 398 627 ,vaniam
422 569 698 625 tenuerunt,
727 563 967 615 Caesaris
994 565 1324 627 Maiestatem,
1366 580 1535 614 omnes
1573 565 1717 613 comi-

199 652 278 710 ter
303 646 556 709 habuisse,
585 649 758 699 eadem
777 650 876 713 ipsi
903 666 1098 715 quoque
1130 649 1587 711 ad-demerendam,
1614 650 1717 699 bel-

201 730 298 782 lico
324 733 491 798 aliquo
529 734 767 796 facinore,
808 733 1045 784 Caesaris
1084 736 1313 799 gratiam,
1342 735 1424 784 via
1451 734 1715 798 gradienti,

203 816 512 882 amplissima
549 818 789 868 honorum
829 818 1065 883 praemia,
1119 835 1226 868 cum
1260 819 1410 869 multo
1436 818 1612 867 maiori
1638 834 1716 867 ac-

202 901 428 952 cessione
454 900 619 965 Regni
645 903 911 952 reservari.
949 901 1172 952 Allatum
1211 909 1389 968 postea
1413 903 1520 963 fuit,
1546 902 1716 966 Vnga-

204 999 302 1047 ros,
343 981 826 1050 captaZeohinensi
865 1002 996 1048 aree,
1025 1002 1131 1036 eum
1159 987 1420 1037 sententiis
1453 991 1716 1058 certarent²

165 1098 168 1100 v
202 1083 298 1134 qno
325 1075 462 1119 esset
485 1071 914 1135 progrediendum,
944 1071 1058 1120 aliis
1074 1072 1135 1120 ad
1153 1071 1405 1120 dexteram
1422 1071 1714 1134 Nogradum

202 1142 391 1217 versus,
429 1161 484 1205 ut
519 1155 642 1206 nihil
667 1156 765 1206 iam
791 1156 1021 1207 hostibus
1059 1158 1110 1206 in
1149 1173 1208 1207 eo
1246 1163 1412 1207 terrae
1452 1163 1617 1207 tractu
1651 1157 1715 1207 ad

200 1237 421 1288 Danubii
446 1254 602 1304 usque
627 1240 787 1305 ripam
814 1241 1165 1305 possidendum
1192 1242 1572 1306 relinqueretur,
1599 1242 1714 1291 aliis

199 1322 348 1372 laeva
373 1323 438 1372 ad
475 1323 775 1385 Hatvanum,
816 1326 1066 1384 Berinum,
1105 1332 1253 1390 atque
1287 1325 1565 1388 Zolnokum
1591 1326 1716 1375 Tur-

202 1422 368 1457 earum
392 1409 662 1473 praesidia,
692 1410 871 1473 quibus
885 1410 1007 1459 nihil
1021 1409 1246 1474 Vngaris
1263 1411 1567 1476 Tybiscanis
1582 1418 1719 1461 esset

125 1531 130 1534 .
200 1492 470 1555 nocentius,
499 1495 887 1544 contendendum
916 1510 1029 1545 esse
1044 1495 1386 1557 suadentibus,
1415 1496 1486 1544 ita
1502 1495 1715 1554 tandem,

197 1577 327 1627 inter
354 1592 409 1627 se
443 1578 756 1640 convenisse,
806 1584 860 1628 ut
911 1595 1017 1628 eum
1056 1579 1121 1629 ad
1160 1580 1353 1644 reliqua
1391 1579 1715 1640 incommoda,

200 1661 379 1726 quibus
403 1662 643 1724 homines,
683 1664 998 1729 iumentaque
1037 1681 1161 1730 prae
1200 1665 1381 1714 ceteris
1423 1665 1719 1714 conficeren-

55 1736 57 1746 '
133 1810 136 1813 ψ
200 1750 295 1807 tur,
323 1745 375 1795 id
401 1746 481 1796 vel
507 1747 746 1810 imprimis
767 1749 1051 1810 accesserit,
1077 1753 1130 1798 ut
1156 1753 1293 1798 terra
1318 1749 1517 1798 nimium
1555 1748 1719 1798 imbri—

203 1830 296 1880 bus
313 1835 462 1880 antea
510 1832 753 1894 emollita,
805 1833 952 1882 etiam
977 1834 1154 1883 leviter
1180 1833 1358 1882 durata
1381 1833 1512 1895 gelu,
1539 1832 1718 1882 itinera

199 1913 363 1965 omnia
386 1915 627 1979 Mpervia
663 1917 949 1979 reddiderit,
1000 1919 1051 1966 in
1089 1918 1373 1983 praesentia
1399 1918 1584 1966 bellum
1611 1933 1716 1967 sus-

176 1999 429 2065 pendant,
463 2015 578 2051 mox
615 2002 817 2051 refectis
838 2003 1012 2070 =equiS,
1040 2003 1292 2067 militeque
1318 2002 1494 2051 melius
1532 2002 1713 2059 induto,

198 2089 463 2150 postquam
511 2085 686 2151 hyems
735 2092 927 2150 terras,
980 2104 1237 2153 aquasque
1287 2089 1604 2152 aequaverit,
1651 2087 1715 2136 ad

200 2169 408 2220 eundem
448 2170 685 2220 victoriae
734 2187 929 2222 cursum
980 2170 1130 2238 (quod
1168 2173 1308 2222 Deus
1350 2174 1477 2222 bene
1522 2173 1713 2231 vertat)

199 2254 576 2305 continuandum
609 2256 829 2305 redituri.
869 2258 948 2307 Ita
986 2273 1105 2322 pars
1144 2272 1252 2306 eum
1279 2256 1475 2319 Palffio,
1517 2258 1567 2307 in
1606 2256 1711 2306 eius

201 2337 525 2403 Provinciam,
541 2356 667 2405 quae
695 2341 760 2391 ad
772 2341 1056 2391 Danubium
1083 2347 1303 2407 est,pars
1316 2341 1711 2391 Tiffenbaehium

199 2428 384 2487 secuta,
411 2423 734 2494 Oassoviensi
786 2425 978 2487 itinere,
1018 2426 1083 2475 ad
1147 2441 1239 2475 sua
1291 2425 1472 2489 quique
1524 2425 1711 2475 diversi

197 2507 405 2559 rediere.
