<?xml version="1.0" encoding="UTF-8"?>
<!DOCTYPE html PUBLIC "-//W3C//DTD XHTML 1.0 Transitional//EN"
    "http://www.w3.org/TR/xhtml1/DTD/xhtml1-transitional.dtd">
<html xmlns="http://www.w3.org/1999/xhtml" xml:lang="en" lang="en">
 <head>
  <title>
</title>
<meta http-equiv="Content-Type" content="text/html;charset=utf-8" />
  <meta name='ocr-system' content='tesseract 3.04.00' />
  <meta name='ocr-capabilities' content='ocr_page ocr_carea ocr_par ocr_line ocrx_word'/>
</head>
<body>
  <div class='ocr_page' id='page_1' title='image "./baronyaidecsij00deciuoft_0044.png"; bbox 0 0 2112 3288; ppageno 0'>
   <div class='ocr_carea' id='block_1_1' title="bbox 448 199 1429 244">
    <p class='ocr_par' dir='ltr' id='par_1_1' title="bbox 448 199 1429 244">
     <span class='ocr_line' id='line_1_1' title="bbox 448 199 1429 244; baseline -0.002 0"><span class='ocrx_word' id='word_1_1' title='bbox 448 201 533 244; x_wconf 93' lang='lat' dir='ltr'><strong>LX</strong></span> <span class='ocrx_word' id='word_1_2' title='bbox 971 212 1103 242; x_wconf 64' lang='lat' dir='ltr'><strong>mecm</strong></span> <span class='ocrx_word' id='word_1_3' title='bbox 1124 199 1260 242; x_wconf 54' lang='grc' dir='ltr'><strong>αᾹΝοικῑ</strong></span> <span class='ocrx_word' id='word_1_4' title='bbox 1283 200 1429 242; x_wconf 50' lang='grc' dir='ltr'><strong>ἠως-,Τις</strong></span> 
     </span>
    </p>
   </div>
   <div class='ocr_carea' id='block_1_2' title="bbox 437 320 1978 2992">
    <p class='ocr_par' dir='ltr' id='par_1_2' title="bbox 441 320 1978 1393">
     <span class='ocr_line' id='line_1_2' title="bbox 448 320 1948 386; baseline 0 -14"><span class='ocrx_word' id='word_1_5' title='bbox 448 323 663 373; x_wconf 86' lang='lat' dir='ltr'><strong>subinde</strong></span> <span class='ocrx_word' id='word_1_6' title='bbox 690 320 966 386; x_wconf 80' lang='lat' dir='ltr'><strong>insigniet‘?</strong></span> <span class='ocrx_word' id='word_1_7' title='bbox 993 322 1168 371; x_wconf 80' lang='lat' dir='ltr'>Nonne</span> <span class='ocrx_word' id='word_1_8' title='bbox 1195 323 1595 384; x_wconf 74' lang='lat' dir='ltr'><strong>Iurisconsultus,</strong></span> <span class='ocrx_word' id='word_1_9' title='bbox 1621 324 1856 385; x_wconf 63' lang='lat' dir='ltr'><strong>Medicus»,</strong></span> <span class='ocrx_word' id='word_1_10' title='bbox 1881 322 1948 372; x_wconf 89' lang='lat' dir='ltr'><strong>in-</strong></span> 
     </span>
     <span class='ocr_line' id='line_1_3' title="bbox 444 406 1944 472; baseline 0.001 -17"><span class='ocrx_word' id='word_1_11' title='bbox 444 407 622 472; x_wconf 80' lang='lat' dir='ltr'>primis</span> <span class='ocrx_word' id='word_1_12' title='bbox 648 422 766 457; x_wconf 89' lang='lat' dir='ltr'><strong>vero</strong></span> <span class='ocrx_word' id='word_1_13' title='bbox 792 406 947 456; x_wconf 88' lang='lat' dir='ltr'><strong>Poeta</strong></span> <span class='ocrx_word' id='word_1_14' title='bbox 974 422 1153 471; x_wconf 85' lang='lat' dir='ltr'><strong>magna</strong></span> <span class='ocrx_word' id='word_1_15' title='bbox 1178 422 1284 456; x_wconf 92' lang='lat' dir='ltr'><strong>cum</strong></span> <span class='ocrx_word' id='word_1_16' title='bbox 1333 408 1478 456; x_wconf 90' lang='lat' dir='ltr'><strong>laude</strong></span> <span class='ocrx_word' id='word_1_17' title='bbox 1507 410 1582 457; x_wconf 87' lang='lat' dir='ltr'><strong>vel</strong></span> <span class='ocrx_word' id='word_1_18' title='bbox 1621 408 1804 472; x_wconf 86' lang='lat' dir='ltr'><strong>scripta</strong></span> <span class='ocrx_word' id='word_1_19' title='bbox 1841 421 1944 466; x_wconf 86' lang='lat' dir='ltr'><strong>sua,</strong></span> 
     </span>
     <span class='ocr_line' id='line_1_4' title="bbox 444 491 1940 556; baseline 0.001 -15"><span class='ocrx_word' id='word_1_20' title='bbox 444 493 522 541; x_wconf 91' lang='lat' dir='ltr'><strong>vel</strong></span> <span class='ocrx_word' id='word_1_21' title='bbox 569 491 879 556; x_wconf 87' lang='lat' dir='ltr'><strong>quotidianos</strong></span> <span class='ocrx_word' id='word_1_22' title='bbox 906 506 1157 541; x_wconf 85' lang='lat' dir='ltr'><strong>sermones</strong></span> <span class='ocrx_word' id='word_1_23' title='bbox 1194 492 1378 541; x_wconf 86' lang='lat' dir='ltr'><strong>talibus</strong></span> <span class='ocrx_word' id='word_1_24' title='bbox 1415 494 1669 542; x_wconf 89' lang='lat' dir='ltr'><strong>moralium</strong></span> <span class='ocrx_word' id='word_1_25' title='bbox 1708 493 1940 543; x_wconf 89' lang='lat' dir='ltr'><strong>dictorum</strong></span> 
     </span>
     <span class='ocr_line' id='line_1_5' title="bbox 446 574 1938 640; baseline 0.001 -16"><span class='ocrx_word' id='word_1_26' title='bbox 446 591 535 626; x_wconf 88' lang='lat' dir='ltr'><strong>ceu</strong></span> <span class='ocrx_word' id='word_1_27' title='bbox 561 576 772 625; x_wconf 88' lang='lat' dir='ltr'><strong>stellulis</strong></span> <span class='ocrx_word' id='word_1_28' title='bbox 787 574 1483 640; x_wconf 83' lang='lat' dir='ltr'><strong>quodammodoilluminabit‘?</strong></span> <span class='ocrx_word' id='word_1_29' title='bbox 1510 576 1676 625; x_wconf 86' lang='lat' dir='ltr'><strong>Taceo</strong></span> <span class='ocrx_word' id='word_1_30' title='bbox 1691 577 1788 626; x_wconf 87' lang='lat' dir='ltr'><strong>iam</strong></span> <span class='ocrx_word' id='word_1_31' title='bbox 1802 576 1938 626; x_wconf 92' lang='lat' dir='ltr'><strong>Prin-</strong></span> 
     </span>
     <span class='ocr_line' id='line_1_6' title="bbox 449 660 1936 724; baseline 0.001 -16"><span class='ocrx_word' id='word_1_32' title='bbox 449 660 583 724; x_wconf 87' lang='lat' dir='ltr'><strong>cipes</strong></span> <span class='ocrx_word' id='word_1_33' title='bbox 610 675 667 709; x_wconf 87' lang='lat' dir='ltr'><strong>ac</strong></span> <span class='ocrx_word' id='word_1_34' title='bbox 692 660 826 709; x_wconf 86' lang='lat' dir='ltr'><strong>viros</strong></span> <span class='ocrx_word' id='word_1_35' title='bbox 852 660 1094 724; x_wconf 52' lang='lat' dir='ltr'><strong>politicos</strong></span> <span class='ocrx_word' id='word_1_36' title='bbox 1123 660 1204 724; x_wconf 92' lang='lat' dir='ltr'><strong>qui</strong></span> <span class='ocrx_word' id='word_1_37' title='bbox 1231 665 1362 710; x_wconf 91' lang='lat' dir='ltr'><strong>certe</strong></span> <span class='ocrx_word' id='word_1_38' title='bbox 1388 662 1519 710; x_wconf 84' lang='lat' dir='ltr'><strong>haud</strong></span> <span class='ocrx_word' id='word_1_39' title='bbox 1544 662 1646 710; x_wconf 88' lang='lat' dir='ltr'><strong>scio</strong></span> <span class='ocrx_word' id='word_1_40' title='bbox 1673 678 1736 710; x_wconf 92' lang='lat' dir='ltr'><strong>an</strong></span> <span class='ocrx_word' id='word_1_41' title='bbox 1762 661 1863 711; x_wconf 88' lang='lat' dir='ltr'><strong>ulla</strong></span> <span class='ocrx_word' id='word_1_42' title='bbox 1882 677 1936 710; x_wconf 89' lang='lat' dir='ltr'><strong>re</strong></span> 
     </span>
     <span class='ocr_line' id='line_1_7' title="bbox 446 742 1978 814; baseline 0.002 -22"><span class='ocrx_word' id='word_1_43' title='bbox 446 742 547 793; x_wconf 92' lang='lat' dir='ltr'><strong>alia</strong></span> <span class='ocrx_word' id='word_1_44' title='bbox 576 743 734 806; x_wconf 82' lang='lat' dir='ltr'><strong>magis</strong></span> <span class='ocrx_word' id='word_1_45' title='bbox 762 748 943 807; x_wconf 86' lang='lat' dir='ltr'><strong>queant</strong></span> <span class='ocrx_word' id='word_1_46' title='bbox 968 744 1047 792; x_wconf 89' lang='lat' dir='ltr'><strong>vel</strong></span> <span class='ocrx_word' id='word_1_47' title='bbox 1085 744 1409 805; x_wconf 83' lang='lat' dir='ltr'><strong>gravissimas</strong></span> <span class='ocrx_word' id='word_1_48' title='bbox 1436 744 1496 793; x_wconf 89' lang='lat' dir='ltr'><strong>de</strong></span> <span class='ocrx_word' id='word_1_49' title='bbox 1528 745 1800 810; x_wconf 88' lang='lat' dir='ltr'><strong>Republica</strong></span> <span class='ocrx_word' id='word_1_50' title='bbox 1826 760 1935 795; x_wconf 81' lang='lat' dir='ltr'><strong>con·</strong></span> <span class='ocrx_word' id='word_1_51' title='bbox 1975 810 1978 814; x_wconf 13' lang='grc' dir='ltr'><strong>ἡ</strong></span> 
     </span>
     <span class='ocr_line' id='line_1_8' title="bbox 445 826 1940 893; baseline 0.003 -18"><span class='ocrx_word' id='word_1_52' title='bbox 445 826 750 885; x_wconf 73' lang='lat' dir='ltr'><strong>sultationeS,</strong></span> <span class='ocrx_word' id='word_1_53' title='bbox 779 827 859 875; x_wconf 90' lang='lat' dir='ltr'><strong>vel</strong></span> <span class='ocrx_word' id='word_1_54' title='bbox 886 826 1032 875; x_wconf 91' lang='lat' dir='ltr'><strong>etiam</strong></span> <span class='ocrx_word' id='word_1_55' title='bbox 1058 826 1370 889; x_wconf 87' lang='lat' dir='ltr'><strong>quotidianos</strong></span> <span class='ocrx_word' id='word_1_56' title='bbox 1404 843 1668 886; x_wconf 78' lang='lat' dir='ltr'><strong>sermoneS,</strong></span> <span class='ocrx_word' id='word_1_57' title='bbox 1695 844 1840 893; x_wconf 89' lang='lat' dir='ltr'><strong>quam</strong></span> <span class='ocrx_word' id='word_1_58' title='bbox 1866 844 1940 879; x_wconf 84' lang='lat' dir='ltr'><strong>se-</strong></span> 
     </span>
     <span class='ocr_line' id='line_1_9' title="bbox 444 909 1940 975; baseline 0.002 -18"><span class='ocrx_word' id='word_1_59' title='bbox 444 909 729 959; x_wconf 86' lang='lat' dir='ltr'><strong>lectioribus</strong></span> <span class='ocrx_word' id='word_1_60' title='bbox 767 910 903 958; x_wconf 86' lang='lat' dir='ltr'><strong>hisce</strong></span> <span class='ocrx_word' id='word_1_61' title='bbox 949 910 1236 975; x_wconf 84' lang='lat' dir='ltr'><strong>proverbiis,</strong></span> <span class='ocrx_word' id='word_1_62' title='bbox 1272 910 1535 961; x_wconf 87' lang='lat' dir='ltr'><strong>illustrare.</strong></span> <span class='ocrx_word' id='word_1_63' title='bbox 1576 913 1690 961; x_wconf 77' lang='lat' dir='ltr'><strong>Non</strong></span> <span class='ocrx_word' id='word_1_64' title='bbox 1716 915 1840 961; x_wconf 81' lang='lat' dir='ltr'><strong>enim</strong></span> <span class='ocrx_word' id='word_1_65' title='bbox 1865 912 1940 962; x_wconf 77' lang='lat' dir='ltr'><strong>de-</strong></span> 
     </span>
     <span class='ocr_line' id='line_1_10' title="bbox 437 994 1939 1058; baseline 0.003 -17.023"><span class='ocrx_word' id='word_1_66' title='bbox 437 1004 513 1046; x_wconf 79' lang='lat' dir='ltr'><strong>cet</strong></span> <span class='ocrx_word' id='word_1_67' title='bbox 532 994 661 1042; x_wconf 82' lang='lat' dir='ltr'><strong>viros</strong></span> <span class='ocrx_word' id='word_1_68' title='bbox 676 995 941 1057; x_wconf 77' lang='lat' dir='ltr'><em>Principes,</em></span> <span class='ocrx_word' id='word_1_69' title='bbox 968 995 1201 1058; x_wconf 78' lang='lat' dir='ltr'><strong>quicquid</strong></span> <span class='ocrx_word' id='word_1_70' title='bbox 1223 997 1276 1043; x_wconf 76' lang='lat' dir='ltr'><strong>in</strong></span> <span class='ocrx_word' id='word_1_71' title='bbox 1299 996 1499 1044; x_wconf 73' lang='lat' dir='ltr'><strong>buccam</strong></span> <span class='ocrx_word' id='word_1_72' title='bbox 1525 999 1670 1056; x_wconf 80' lang='lat' dir='ltr'><strong>venit,</strong></span> <span class='ocrx_word' id='word_1_73' title='bbox 1697 996 1830 1045; x_wconf 76' lang='lat' dir='ltr'><strong>nullo</strong></span> <span class='ocrx_word' id='word_1_74' title='bbox 1853 997 1939 1046; x_wconf 83' lang='lat' dir='ltr'><strong>ad·</strong></span> 
     </span>
     <span class='ocr_line' id='line_1_11' title="bbox 441 1075 1938 1145; baseline 0.003 -19"><span class='ocrx_word' id='word_1_75' title='bbox 441 1078 587 1127; x_wconf 66' lang='lat' dir='ltr'><em>bibito</em></span> <span class='ocrx_word' id='word_1_76' title='bbox 613 1079 793 1127; x_wconf 75' lang='lat' dir='ltr'><strong>iudicio</strong></span> <span class='ocrx_word' id='word_1_77' title='bbox 810 1075 1051 1141; x_wconf 73' lang='lat' dir='ltr'><strong>proferre,</strong></span> <span class='ocrx_word' id='word_1_78' title='bbox 1085 1079 1168 1127; x_wconf 82' lang='lat' dir='ltr'><strong>sed</strong></span> <span class='ocrx_word' id='word_1_79' title='bbox 1182 1080 1343 1142; x_wconf 75' lang='lat' dir='ltr'><strong>potius</strong></span> <span class='ocrx_word' id='word_1_80' title='bbox 1383 1081 1585 1130; x_wconf 79' lang='lat' dir='ltr'><em>breviter</em></span> <span class='ocrx_word' id='word_1_81' title='bbox 1611 1082 1803 1145; x_wconf 74' lang='lat' dir='ltr'><strong>quidem</strong></span> <span class='ocrx_word' id='word_1_82' title='bbox 1835 1080 1938 1145; x_wconf 75' lang='lat' dir='ltr'><strong>ple-</strong></span> 
     </span>
     <span class='ocr_line' id='line_1_12' title="bbox 445 1162 1935 1229; baseline 0.002 -19"><span class='ocrx_word' id='word_1_83' title='bbox 445 1179 631 1227; x_wconf 77' lang='lat' dir='ltr'><strong>runque</strong></span> <span class='ocrx_word' id='word_1_84' title='bbox 657 1181 714 1211; x_wconf 82' lang='lat' dir='ltr'><strong>ac</strong></span> <span class='ocrx_word' id='word_1_85' title='bbox 747 1162 975 1223; x_wconf 75' lang='lat' dir='ltr'><em>laconice,</em></span> <span class='ocrx_word' id='word_1_86' title='bbox 1015 1163 1160 1212; x_wconf 78' lang='lat' dir='ltr'><strong>veluti</strong></span> <span class='ocrx_word' id='word_1_87' title='bbox 1201 1164 1413 1229; x_wconf 67' lang='lat' dir='ltr'><strong>dignitas</strong></span> <span class='ocrx_word' id='word_1_88' title='bbox 1450 1166 1667 1228; x_wconf 73' lang='lat' dir='ltr'><strong>ipsorum</strong></span> <span class='ocrx_word' id='word_1_89' title='bbox 1699 1166 1935 1229; x_wconf 76' lang='lat' dir='ltr'><strong>postulat,</strong></span> 
     </span>
     <span class='ocr_line' id='line_1_13' title="bbox 445 1248 1930 1313; baseline 0.003 -19"><span class='ocrx_word' id='word_1_90' title='bbox 445 1263 610 1294; x_wconf 77' lang='lat' dir='ltr'><strong>verum</strong></span> <span class='ocrx_word' id='word_1_91' title='bbox 634 1262 840 1305; x_wconf 73' lang='lat' dir='ltr'><strong>nervose,</strong></span> <span class='ocrx_word' id='word_1_92' title='bbox 881 1264 939 1294; x_wconf 80' lang='lat' dir='ltr'><strong>ac</strong></span> <span class='ocrx_word' id='word_1_93' title='bbox 978 1248 1170 1296; x_wconf 74' lang='lat' dir='ltr'><strong>nonnisi</strong></span> <span class='ocrx_word' id='word_1_94' title='bbox 1204 1248 1420 1296; x_wconf 71' lang='lat' dir='ltr'><strong>adhibita</strong></span> <span class='ocrx_word' id='word_1_95' title='bbox 1458 1250 1626 1313; x_wconf 79' lang='lat' dir='ltr'><strong>aliqua</strong></span> <span class='ocrx_word' id='word_1_96' title='bbox 1657 1251 1930 1313; x_wconf 67' lang='lat' dir='ltr'><strong>parcentia,</strong></span> 
     </span>
     <span class='ocr_line' id='line_1_14' title="bbox 444 1330 1085 1393; baseline 0 -16"><span class='ocrx_word' id='word_1_97' title='bbox 444 1346 606 1378; x_wconf 73' lang='lat' dir='ltr'><strong>sensus</strong></span> <span class='ocrx_word' id='word_1_98' title='bbox 632 1330 784 1377; x_wconf 72' lang='lat' dir='ltr'><strong>animi</strong></span> <span class='ocrx_word' id='word_1_99' title='bbox 808 1334 1085 1393; x_wconf 77' lang='lat' dir='ltr'><em>exprimere.</em></span> 
     </span>
    </p>

    <p class='ocr_par' dir='ltr' id='par_1_3' title="bbox 444 1411 1942 1970">
     <span class='ocr_line' id='line_1_15' title="bbox 587 1411 1942 1481; baseline 0.003 -19"><span class='ocrx_word' id='word_1_100' title='bbox 587 1411 709 1462; x_wconf 83' lang='lat' dir='ltr'><strong>Cum</strong></span> <span class='ocrx_word' id='word_1_101' title='bbox 736 1414 862 1462; x_wconf 89' lang='lat' dir='ltr'><strong>enim</strong></span> <span class='ocrx_word' id='word_1_102' title='bbox 889 1414 1160 1463; x_wconf 87' lang='lat' dir='ltr'><strong>orationem</strong></span> <span class='ocrx_word' id='word_1_103' title='bbox 1187 1414 1432 1479; x_wconf 86' lang='lat' dir='ltr'><strong>Principis</strong></span> <span class='ocrx_word' id='word_1_104' title='bbox 1472 1421 1703 1481; x_wconf 87' lang='lat' dir='ltr'><strong>tanquam</strong></span> <span class='ocrx_word' id='word_1_105' title='bbox 1742 1417 1942 1466; x_wconf 83' lang='lat' dir='ltr'><strong>oracula</strong></span> 
     </span>
     <span class='ocr_line' id='line_1_16' title="bbox 447 1498 1941 1564; baseline 0.003 -16"><span class='ocrx_word' id='word_1_106' title='bbox 447 1498 689 1563; x_wconf 84' lang='lat' dir='ltr'><strong>quaedam</strong></span> <span class='ocrx_word' id='word_1_107' title='bbox 727 1498 958 1547; x_wconf 88' lang='lat' dir='ltr'><strong>divinitus</strong></span> <span class='ocrx_word' id='word_1_108' title='bbox 996 1513 1237 1563; x_wconf 86' lang='lat' dir='ltr'><strong>responsa</strong></span> <span class='ocrx_word' id='word_1_109' title='bbox 1274 1498 1451 1563; x_wconf 85' lang='lat' dir='ltr'><strong>vulgus</strong></span> <span class='ocrx_word' id='word_1_110' title='bbox 1491 1499 1730 1564; x_wconf 85' lang='lat' dir='ltr'><strong>excipiat:</strong></span> <span class='ocrx_word' id='word_1_111' title='bbox 1778 1500 1941 1552; x_wconf 86' lang='lat' dir='ltr'><strong>danda</strong></span> 
     </span>
     <span class='ocr_line' id='line_1_17' title="bbox 445 1572 1940 1647; baseline 0.001 -14"><span class='ocrx_word' id='word_1_112' title='bbox 445 1588 522 1632; x_wconf 88' lang='lat' dir='ltr'><strong>est</strong></span> <span class='ocrx_word' id='word_1_113' title='bbox 547 1581 859 1646; x_wconf 82' lang='lat' dir='ltr'><strong>Principibus</strong></span> <span class='ocrx_word' id='word_1_114' title='bbox 887 1597 1053 1645; x_wconf 89' lang='lat' dir='ltr'><strong>opera,</strong></span> <span class='ocrx_word' id='word_1_115' title='bbox 1079 1572 1133 1631; x_wconf 88' lang='lat' dir='ltr'><strong>ut</strong></span> <span class='ocrx_word' id='word_1_116' title='bbox 1159 1582 1386 1646; x_wconf 88' lang='lat' dir='ltr'><strong>quicquid</strong></span> <span class='ocrx_word' id='word_1_117' title='bbox 1413 1584 1476 1631; x_wconf 88' lang='lat' dir='ltr'><strong>ab</strong></span> <span class='ocrx_word' id='word_1_118' title='bbox 1501 1583 1623 1647; x_wconf 85' lang='lat' dir='ltr'><strong>ipsis</strong></span> <span class='ocrx_word' id='word_1_119' title='bbox 1663 1590 1940 1647; x_wconf 85' lang='lat' dir='ltr'><strong>promanat,</strong></span> 
     </span>
     <span class='ocr_line' id='line_1_18' title="bbox 447 1665 1939 1735; baseline 0.001 -19"><span class='ocrx_word' id='word_1_120' title='bbox 447 1683 542 1717; x_wconf 91' lang='lat' dir='ltr'><strong>non</strong></span> <span class='ocrx_word' id='word_1_121' title='bbox 569 1665 665 1715; x_wconf 88' lang='lat' dir='ltr'><strong>nisi</strong></span> <span class='ocrx_word' id='word_1_122' title='bbox 689 1665 987 1726; x_wconf 85' lang='lat' dir='ltr'><strong>gravitatem</strong></span> <span class='ocrx_word' id='word_1_123' title='bbox 1027 1671 1076 1714; x_wconf 91' lang='lat' dir='ltr'><strong>et</strong></span> <span class='ocrx_word' id='word_1_124' title='bbox 1115 1666 1343 1735; x_wconf 28' lang='lat' dir='ltr'><strong>divinam!</strong></span> <span class='ocrx_word' id='word_1_125' title='bbox 1366 1667 1610 1730; x_wconf 89' lang='lat' dir='ltr'><strong>quandam</strong></span> <span class='ocrx_word' id='word_1_126' title='bbox 1649 1667 1939 1731; x_wconf 85' lang='lat' dir='ltr'><strong>sapientiam</strong></span> 
     </span>
     <span class='ocr_line' id='line_1_19' title="bbox 446 1751 1938 1816; baseline 0.002 -17"><span class='ocrx_word' id='word_1_127' title='bbox 446 1751 684 1811; x_wconf 81' lang='lat' dir='ltr'><strong>redoleat,</strong></span> <span class='ocrx_word' id='word_1_128' title='bbox 710 1756 763 1800; x_wconf 90' lang='lat' dir='ltr'><strong>ut</strong></span> <span class='ocrx_word' id='word_1_129' title='bbox 787 1751 885 1800; x_wconf 91' lang='lat' dir='ltr'><strong>Dei</strong></span> <span class='ocrx_word' id='word_1_130' title='bbox 911 1751 1026 1816; x_wconf 90' lang='lat' dir='ltr'><strong>Opt.</strong></span> <span class='ocrx_word' id='word_1_131' title='bbox 1055 1752 1187 1801; x_wconf 84' lang='lat' dir='ltr'><strong>Max.</strong></span> <span class='ocrx_word' id='word_1_132' title='bbox 1229 1752 1365 1801; x_wconf 88' lang='lat' dir='ltr'><strong>cuius</strong></span> <span class='ocrx_word' id='word_1_133' title='bbox 1404 1751 1453 1800; x_wconf 90' lang='lat' dir='ltr'><strong>in</strong></span> <span class='ocrx_word' id='word_1_134' title='bbox 1491 1751 1639 1801; x_wconf 89' lang='lat' dir='ltr'><strong>terris</strong></span> <span class='ocrx_word' id='word_1_135' title='bbox 1676 1751 1831 1800; x_wconf 87' lang='lat' dir='ltr'><strong>vicem</strong></span> <span class='ocrx_word' id='word_1_136' title='bbox 1855 1767 1938 1815; x_wconf 85' lang='lat' dir='ltr'><strong>ge-</strong></span> 
     </span>
     <span class='ocr_line' id='line_1_20' title="bbox 444 1835 1938 1900; baseline 0.001 -16"><span class='ocrx_word' id='word_1_137' title='bbox 444 1840 570 1895; x_wconf 89' lang='lat' dir='ltr'><strong>runt,</strong></span> <span class='ocrx_word' id='word_1_138' title='bbox 599 1851 695 1884; x_wconf 93' lang='lat' dir='ltr'><strong>non</strong></span> <span class='ocrx_word' id='word_1_139' title='bbox 722 1835 879 1885; x_wconf 88' lang='lat' dir='ltr'><strong>solum</strong></span> <span class='ocrx_word' id='word_1_140' title='bbox 905 1836 1112 1886; x_wconf 89' lang='lat' dir='ltr'><strong>virtutes</strong></span> <span class='ocrx_word' id='word_1_141' title='bbox 1150 1836 1308 1897; x_wconf 56' lang='lat' dir='ltr'><strong>factis</strong></span> <span class='ocrx_word' id='word_1_142' title='bbox 1348 1836 1438 1885; x_wconf 92' lang='lat' dir='ltr'><strong>sed</strong></span> <span class='ocrx_word' id='word_1_143' title='bbox 1463 1836 1608 1885; x_wconf 91' lang='lat' dir='ltr'><strong>etiam</strong></span> <span class='ocrx_word' id='word_1_144' title='bbox 1647 1836 1938 1900; x_wconf 83' lang='lat' dir='ltr'><strong>sapientiam</strong></span> 
     </span>
     <span class='ocr_line' id='line_1_21' title="bbox 447 1919 953 1970; baseline 0 -3"><span class='ocrx_word' id='word_1_145' title='bbox 447 1919 669 1969; x_wconf 91' lang='lat' dir='ltr'><strong>oratione</strong></span> <span class='ocrx_word' id='word_1_146' title='bbox 693 1920 953 1970; x_wconf 88' lang='lat' dir='ltr'><strong>imitentur.</strong></span> 
     </span>
    </p>

    <p class='ocr_par' dir='ltr' id='par_1_4' title="bbox 441 2002 1938 2563">
     <span class='ocr_line' id='line_1_22' title="bbox 585 2002 1938 2064; baseline 0.002 -14"><span class='ocrx_word' id='word_1_147' title='bbox 585 2002 801 2052; x_wconf 87' lang='lat' dir='ltr'><strong>Proinde</strong></span> <span class='ocrx_word' id='word_1_148' title='bbox 827 2003 1057 2052; x_wconf 89' lang='lat' dir='ltr'><strong>traditum</strong></span> <span class='ocrx_word' id='word_1_149' title='bbox 1085 2009 1161 2053; x_wconf 89' lang='lat' dir='ltr'><strong>est</strong></span> <span class='ocrx_word' id='word_1_150' title='bbox 1185 2005 1235 2052; x_wconf 93' lang='lat' dir='ltr'><strong>in</strong></span> <span class='ocrx_word' id='word_1_151' title='bbox 1274 2004 1431 2053; x_wconf 87' lang='lat' dir='ltr'><strong>sacris</strong></span> <span class='ocrx_word' id='word_1_152' title='bbox 1468 2004 1627 2053; x_wconf 84' lang='lat' dir='ltr'><strong>literis</strong></span> <span class='ocrx_word' id='word_1_153' title='bbox 1663 2005 1938 2064; x_wconf 86' lang='lat' dir='ltr'><strong>memoriae,</strong></span> 
     </span>
     <span class='ocr_line' id='line_1_23' title="bbox 445 2084 1937 2150; baseline 0.001 -15"><span class='ocrx_word' id='word_1_154' title='bbox 445 2085 574 2148; x_wconf 89' lang='lat' dir='ltr'><strong>quod</strong></span> <span class='ocrx_word' id='word_1_155' title='bbox 601 2084 846 2147; x_wconf 83' lang='lat' dir='ltr'><strong>Salomon,</strong></span> <span class='ocrx_word' id='word_1_156' title='bbox 872 2085 1065 2150; x_wconf 82' lang='lat' dir='ltr'><strong>Regum</strong></span> <span class='ocrx_word' id='word_1_157' title='bbox 1092 2087 1314 2148; x_wconf 87' lang='lat' dir='ltr'><strong>omnium,</strong></span> <span class='ocrx_word' id='word_1_158' title='bbox 1353 2087 1436 2150; x_wconf 91' lang='lat' dir='ltr'><strong>qui</strong></span> <span class='ocrx_word' id='word_1_159' title='bbox 1462 2091 1586 2147; x_wconf 89' lang='lat' dir='ltr'><strong>sunt,</strong></span> <span class='ocrx_word' id='word_1_160' title='bbox 1626 2086 1708 2150; x_wconf 86' lang='lat' dir='ltr'><strong>qui</strong></span> <span class='ocrx_word' id='word_1_161' title='bbox 1732 2087 1937 2148; x_wconf 87' lang='lat' dir='ltr'><strong>fuerunt,</strong></span> 
     </span>
     <span class='ocr_line' id='line_1_24' title="bbox 443 2170 1936 2236; baseline 0.001 -18"><span class='ocrx_word' id='word_1_162' title='bbox 443 2175 491 2218; x_wconf 89' lang='lat' dir='ltr'><strong>et</strong></span> <span class='ocrx_word' id='word_1_163' title='bbox 517 2170 598 2234; x_wconf 92' lang='lat' dir='ltr'><strong>qui</strong></span> <span class='ocrx_word' id='word_1_164' title='bbox 623 2171 772 2220; x_wconf 91' lang='lat' dir='ltr'><strong>futuri</strong></span> <span class='ocrx_word' id='word_1_165' title='bbox 809 2177 934 2232; x_wconf 87' lang='lat' dir='ltr'><strong>sunt,</strong></span> <span class='ocrx_word' id='word_1_166' title='bbox 974 2172 1368 2236; x_wconf 85' lang='lat' dir='ltr'><strong>sapientissimus</strong></span> <span class='ocrx_word' id='word_1_167' title='bbox 1405 2172 1501 2220; x_wconf 91' lang='lat' dir='ltr'><strong>tria</strong></span> <span class='ocrx_word' id='word_1_168' title='bbox 1538 2171 1691 2220; x_wconf 89' lang='lat' dir='ltr'><strong>millia</strong></span> <span class='ocrx_word' id='word_1_169' title='bbox 1731 2170 1936 2220; x_wconf 89' lang='lat' dir='ltr'><strong>Prover-</strong></span> 
     </span>
     <span class='ocr_line' id='line_1_25' title="bbox 444 2253 1936 2320; baseline 0.002 -19"><span class='ocrx_word' id='word_1_170' title='bbox 444 2253 630 2303; x_wconf 89' lang='lat' dir='ltr'><strong>biorum</strong></span> <span class='ocrx_word' id='word_1_171' title='bbox 654 2256 1001 2319; x_wconf 90' lang='lat' dir='ltr'><strong>pronunciarit,</strong></span> <span class='ocrx_word' id='word_1_172' title='bbox 1028 2261 1168 2307; x_wconf 86' lang='lat' dir='ltr'><strong>tanta</strong></span> <span class='ocrx_word' id='word_1_173' title='bbox 1193 2271 1300 2305; x_wconf 89' lang='lat' dir='ltr'><strong>cum</strong></span> <span class='ocrx_word' id='word_1_174' title='bbox 1326 2255 1601 2320; x_wconf 89' lang='lat' dir='ltr'><strong>sapientiae</strong></span> <span class='ocrx_word' id='word_1_175' title='bbox 1621 2255 1936 2318; x_wconf 83' lang='lat' dir='ltr'><strong>significatio-</strong></span> 
     </span>
     <span class='ocr_line' id='line_1_26' title="bbox 442 2329 1934 2404; baseline 0.001 -18"><span class='ocrx_word' id='word_1_176' title='bbox 442 2353 520 2398; x_wconf 90' lang='lat' dir='ltr'><strong>ne,</strong></span> <span class='ocrx_word' id='word_1_177' title='bbox 557 2342 612 2387; x_wconf 90' lang='lat' dir='ltr'><strong>ut</strong></span> <span class='ocrx_word' id='word_1_178' title='bbox 656 2339 802 2387; x_wconf 91' lang='lat' dir='ltr'><strong>etiam</strong></span> <span class='ocrx_word' id='word_1_179' title='bbox 839 2329 1151 2389; x_wconf 81' lang='lat' dir='ltr'><strong>remotissimi</strong></span> <span class='ocrx_word' id='word_1_180' title='bbox 1191 2341 1370 2404; x_wconf 91' lang='lat' dir='ltr'><strong>quique</strong></span> <span class='ocrx_word' id='word_1_181' title='bbox 1403 2339 1573 2404; x_wconf 85' lang='lat' dir='ltr'><strong>Reges</strong></span> <span class='ocrx_word' id='word_1_182' title='bbox 1612 2354 1672 2388; x_wconf 90' lang='lat' dir='ltr'><strong>ac</strong></span> <span class='ocrx_word' id='word_1_183' title='bbox 1707 2339 1934 2403; x_wconf 84' lang='lat' dir='ltr'><strong>Reginae</strong></span> 
     </span>
     <span class='ocr_line' id='line_1_27' title="bbox 441 2421 1935 2487; baseline 0.001 -17"><span class='ocrx_word' id='word_1_184' title='bbox 441 2421 782 2486; x_wconf 89' lang='lat' dir='ltr'><strong>expetiverunt</strong></span> <span class='ocrx_word' id='word_1_185' title='bbox 823 2422 1096 2473; x_wconf 85' lang='lat' dir='ltr'><strong>Proverbia</strong></span> <span class='ocrx_word' id='word_1_186' title='bbox 1121 2425 1241 2485; x_wconf 61' lang='lat' dir='ltr'><strong>einez,</strong></span> <span class='ocrx_word' id='word_1_187' title='bbox 1286 2424 1385 2472; x_wconf 91' lang='lat' dir='ltr'><strong>hoc</strong></span> <span class='ocrx_word' id='word_1_188' title='bbox 1410 2428 1502 2485; x_wconf 85' lang='lat' dir='ltr'><strong>est,</strong></span> <span class='ocrx_word' id='word_1_189' title='bbox 1529 2423 1779 2487; x_wconf 83' lang='lat' dir='ltr'><strong>sapienter</strong></span> <span class='ocrx_word' id='word_1_190' title='bbox 1805 2422 1935 2472; x_wconf 85' lang='lat' dir='ltr'><strong>dicta</strong></span> 
     </span>
     <span class='ocr_line' id='line_1_28' title="bbox 442 2504 1063 2563; baseline 0.003 -10"><span class='ocrx_word' id='word_1_191' title='bbox 442 2504 599 2554; x_wconf 84' lang='lat' dir='ltr'><strong>avidis</strong></span> <span class='ocrx_word' id='word_1_192' title='bbox 625 2506 825 2563; x_wconf 83' lang='lat' dir='ltr'><strong>auribus</strong></span> <span class='ocrx_word' id='word_1_193' title='bbox 852 2507 1063 2557; x_wconf 90' lang='lat' dir='ltr'><strong>haurire.</strong></span> 
     </span>
    </p>

    <p class='ocr_par' dir='ltr' id='par_1_5' title="bbox 441 2582 1934 2992">
     <span class='ocr_line' id='line_1_29' title="bbox 549 2582 1934 2654; baseline 0.001 -16"><span class='ocrx_word' id='word_1_194' title='bbox 549 2645 551 2649; x_wconf 52' lang='grc'>,</span> <span class='ocrx_word' id='word_1_195' title='bbox 582 2589 688 2638; x_wconf 88' lang='lat' dir='ltr'><strong>Iam</strong></span> <span class='ocrx_word' id='word_1_196' title='bbox 713 2604 834 2646; x_wconf 87' lang='lat' dir='ltr'><strong>vero</strong></span> <span class='ocrx_word' id='word_1_197' title='bbox 855 2596 908 2639; x_wconf 91' lang='lat' dir='ltr'><strong>ut</strong></span> <span class='ocrx_word' id='word_1_198' title='bbox 932 2582 1141 2640; x_wconf 57' lang='lat' dir='ltr'><strong>nihil&#39;de</strong></span> <span class='ocrx_word' id='word_1_199' title='bbox 1155 2590 1408 2654; x_wconf 82' lang='lat' dir='ltr'><strong>AgesilaO,</strong></span> <span class='ocrx_word' id='word_1_200' title='bbox 1425 2588 1696 2653; x_wconf 84' lang='lat' dir='ltr'><strong>Alphonso‚</strong></span> <span class='ocrx_word' id='word_1_201' title='bbox 1721 2588 1934 2639; x_wconf 87' lang='lat' dir='ltr'><strong>Matthia</strong></span> 
     </span>
     <span class='ocr_line' id='line_1_30' title="bbox 442 2668 1932 2739; baseline 0 -19"><span class='ocrx_word' id='word_1_202' title='bbox 442 2668 671 2734; x_wconf 81' lang='lat' dir='ltr'><strong>CorvinO,</strong></span> <span class='ocrx_word' id='word_1_203' title='bbox 698 2678 748 2722; x_wconf 91' lang='lat' dir='ltr'><strong>et</strong></span> <span class='ocrx_word' id='word_1_204' title='bbox 773 2673 884 2723; x_wconf 87' lang='lat' dir='ltr'><strong>aliis</strong></span> <span class='ocrx_word' id='word_1_205' title='bbox 911 2690 1055 2738; x_wconf 89' lang='lat' dir='ltr'><strong>quam</strong></span> <span class='ocrx_word' id='word_1_206' title='bbox 1079 2675 1303 2739; x_wconf 78' lang='lat' dir='ltr'><strong>plurimis</strong></span> <span class='ocrx_word' id='word_1_207' title='bbox 1329 2674 1502 2734; x_wconf 86' lang='lat' dir='ltr'><strong>dicam,</strong></span> <span class='ocrx_word' id='word_1_208' title='bbox 1532 2688 1734 2736; x_wconf 90' lang='lat' dir='ltr'><strong>quorum</strong></span> <span class='ocrx_word' id='word_1_209' title='bbox 1748 2672 1932 2737; x_wconf 88' lang='lat' dir='ltr'><strong>apoph-</strong></span> 
     </span>
     <span class='ocr_line' id='line_1_31' title="bbox 441 2748 1929 2826; baseline -0.001 -21"><span class='ocrx_word' id='word_1_210' title='bbox 441 2748 694 2826; x_wconf 80' lang='lat' dir='ltr'><strong>thegmata</strong></span> <span class='ocrx_word' id='word_1_211' title='bbox 719 2758 977 2808; x_wconf 89' lang='lat' dir='ltr'><strong>etiamnum</strong></span> <span class='ocrx_word' id='word_1_212' title='bbox 993 2759 1208 2808; x_wconf 86' lang='lat' dir='ltr'><strong>cordatis</strong></span> <span class='ocrx_word' id='word_1_213' title='bbox 1223 2758 1442 2807; x_wconf 89' lang='lat' dir='ltr'><strong>omnibus</strong></span> <span class='ocrx_word' id='word_1_214' title='bbox 1457 2757 1766 2808; x_wconf 89' lang='lat' dir='ltr'><strong>admirationi</strong></span> <span class='ocrx_word' id='word_1_215' title='bbox 1792 2761 1929 2806; x_wconf 84' lang='lat' dir='ltr'><strong>sunt:</strong></span> 
     </span>
     <span class='ocr_line' id='line_1_32' title="bbox 442 2840 1930 2908; baseline -0.001 -19"><span class='ocrx_word' id='word_1_216' title='bbox 442 2840 653 2890; x_wconf 81' lang='lat' dir='ltr'><strong>Romani</strong></span> <span class='ocrx_word' id='word_1_217' title='bbox 679 2849 810 2892; x_wconf 91' lang='lat' dir='ltr'><strong>certe</strong></span> <span class='ocrx_word' id='word_1_218' title='bbox 835 2843 1084 2908; x_wconf 86' lang='lat' dir='ltr'><strong>principes</strong></span> <span class='ocrx_word' id='word_1_219' title='bbox 1110 2859 1205 2892; x_wconf 91' lang='lat' dir='ltr'><strong>non</strong></span> <span class='ocrx_word' id='word_1_220' title='bbox 1234 2844 1573 2893; x_wconf 82' lang='lat' dir='ltr'><strong>existimarunt</strong></span> <span class='ocrx_word' id='word_1_221' title='bbox 1591 2842 1793 2892; x_wconf 88' lang='lat' dir='ltr'><strong>inferius</strong></span> <span class='ocrx_word' id='word_1_222' title='bbox 1818 2855 1930 2890; x_wconf 82' lang='lat' dir='ltr'><strong>esse</strong></span> 
     </span>
     <span class='ocr_line' id='line_1_33' title="bbox 442 2924 1930 2992; baseline -0.002 -16"><span class='ocrx_word' id='word_1_223' title='bbox 442 2924 695 2976; x_wconf 81' lang='lat' dir='ltr'><strong>maiestate</strong></span> <span class='ocrx_word' id='word_1_224' title='bbox 721 2926 978 2992; x_wconf 90' lang='lat' dir='ltr'><strong>imperiali,</strong></span> <span class='ocrx_word' id='word_1_225' title='bbox 1005 2932 1058 2977; x_wconf 88' lang='lat' dir='ltr'><strong>ut</strong></span> <span class='ocrx_word' id='word_1_226' title='bbox 1084 2927 1277 2990; x_wconf 85' lang='lat' dir='ltr'><strong>magnis</strong></span> <span class='ocrx_word' id='word_1_227' title='bbox 1304 2927 1363 2975; x_wconf 88' lang='lat' dir='ltr'><strong>de</strong></span> <span class='ocrx_word' id='word_1_228' title='bbox 1389 2928 1538 2978; x_wconf 84' lang='lat' dir='ltr'><strong>rebus</strong></span> <span class='ocrx_word' id='word_1_229' title='bbox 1578 2925 1784 2977; x_wconf 85' lang='lat' dir='ltr'><strong>consulti</strong></span> <span class='ocrx_word' id='word_1_230' title='bbox 1820 2937 1930 2991; x_wconf 77' lang='lat' dir='ltr'><strong>pro—</strong></span> 
     </span>
    </p>
   </div>
  </div>
 </body>
</html>
