2112 3288
6 1180 29 1354 wne-am:
16 1043 31 1057 „
31 962 34 964 .
12 847 49 942 ,τὴ-[η
36 829 37 832 „
28 810 29 814 „

588 211 652 244 nn
679 209 785 244 ΗΕΒ.
813 208 926 244 vno.
958 210 1067 243 nnc.
1097 211 1141 242 x,
1168 210 1213 243 L.
1240 211 1324 245 vn.
1541 234 1549 236 -
1633 196 1738 252 147,

230 326 508 383 Kazikerei
535 327 863 376 Tartarorum
901 323 1135 385 Chamus,
1176 341 1284 375 cum
1322 341 1490 375 omnes
1516 326 1732 390 undique

231 411 343 462 vias
365 410 553 462 reditus
579 409 675 459 sibi
702 407 994 474 praeclusas
1009 408 1232 470 vidisset,
1261 410 1436 459 statuit
1462 426 1571 459 eam
1597 425 1735 459 occa-2

229 495 415 544 sionem
440 492 695 543 remeandi
733 492 796 542 ad
824 507 941 542 suos
981 492 1214 557 opperiri,
1242 508 1339 557 qua
1365 498 1594 543 concreto
1622 492 1740 555 gelu

227 578 461 628 Danubio
480 625 493 638 ,
512 576 708 627 facilius
759 593 850 642 per
889 593 999 627 eum
1036 577 1277 627 transitus
1317 582 1458 626 tanto
1501 577 1738 627 exercitui

227 662 444 712 daretur.
474 660 680 713 Interim
720 660 951 725 dispersa
989 660 1123 710 circa
1162 659 1481 721 Szolnokum,
1533 661 1739 710 Tomos-

229 748 400 796 varum
457 750 508 795 et
539 782 541 785 .
570 744 671 794 alia
740 743 1041 809 campestria
1106 746 1217 793 loca
1266 745 1514 794 barbarae
1576 744 1739 807 gentis

227 830 533 891 collectione,
560 830 772 894 ipsemet
798 828 1094 878 Temesvari
1121 828 1357 888 consedit,
1392 828 1443 876 in
1469 827 1739 877 munitissi-

227 926 404 978 maque
443 914 550 964 eius
587 912 726 962 urbis
754 928 870 962 arce
910 928 1016 962 cum
1043 913 1210 961 Bassa
1236 916 1583 971 commoratus,
1612 926 1737 959 com-

227 998 420 1048 modam
449 997 663 1048 abeundi
690 998 1006 1047 occasionem
1032 1002 1299 1062 expectare
1332 996 1520 1046 statuit.
1563 995 1641 1044 Ne
1666 1000 1737 1044 ta-

148 1082 150 1084 ’
227 1098 338 1133 men
364 1083 537 1148 copiae
565 1082 860 1132 Tartaricae
874 1082 1083 1142 interim,
1098 1086 1242 1146 rapto
1259 1081 1428 1129 vivere
1442 1079 1739 1129 latrociniis-

229 1182 323 1232 que
346 1168 567 1231 gaudere
595 1171 842 1227 assuetae,
860 1166 959 1215 otio
975 1167 1335 1231 torpescerent,
1353 1165 1570 1228 aliquam
1598 1180 1737 1213 exer-

229 1251 356 1302 citus
405 1256 599 1316 partem
648 1251 933 1314 populatum
983 1250 1056 1298 ire
1107 1249 1268 1310 iussit,
1311 1248 1491 1312 partim
1530 1252 1584 1297 ut
1602 1248 1736 1296 ferro

229 1333 526 1400 flammaque
560 1340 737 1385 cuncta
762 1339 1021 1384 vastarent
1069 1334 1408 1399 praedamque
1461 1333 1738 1395 abigerent,

227 1419 407 1484 partim
432 1425 486 1469 ut
510 1420 782 1484 periculum
813 1419 1049 1481 facerent,
1087 1434 1201 1468 num
1241 1433 1441 1481 ea,*qua
1468 1417 1735 1477 venissent,

227 1504 310 1554 via
347 1503 541 1554 domum
566 1519 794 1553 remeare
820 1508 1039 1568 possent.
1062 1503 1277 1554 Barbari
1305 1502 1434 1551 dicto
1462 1503 1734 1566 Imperato-

227 1589 315 1651 ris,
341 1588 417 1638 sui
442 1594 678 1654 parentes
706 1602 813 1636 cum
853 1588 1183 1637 selectissima
1208 1602 1353 1636 manu
1368 1585 1737 1646 Nadudvarum,

227 1673 439 1738 indeque
480 1671 914 1737 Cis-Tybiscanas
952 1672 1212 1735 Vngariae
1249 1675 1420 1735 partes
1460 1670 1629 1719 infesti
1655 1685 1735 1734 pe-

226 1757 366 1818 tiere,
394 1761 443 1806 et
468 1755 589 1804 diris
614 1755 798 1819 ubique
824 1754 1191 1804 vastationibus
1217 1754 1268 1803 in
1282 1754 1514 1802 miseram
1540 1753 1737 1817 plebem

228 1839 606 1910 grassati—sunt,
646 1838 771 1893 Post
806 1839 891 1888 ubi
929 1837 1176 1888 hominum
1214 1837 1404 1898 ingenti
1442 1851 1737 1902 pecorumve

227 1923 418 1990 praeda
442 1923 625 1972 abacta
650 1923 910 1986 angustias
937 1920 1053 1971 illas
1070 1921 1311 1986 Karpatii
1336 1920 1531 1980 montis,
1560 1920 1738 1984 quibus

228 2009 278 2058 in
317 2007 598 2071 Vngariam
637 2007 780 2057 effusi
828 2012 985 2070 erant,
1026 2005 1336 2055 validissimo
1377 2003 1625 2053 hominum
1665 2019 1740 2052 ro-

228 2094 351 2144 bore
380 2098 647 2157 occupatos
661 2093 845 2154 videre,
873 2091 1129 2142 conversis
1158 2096 1292 2139 retro
1320 2090 1477 2151 signis
1493 2089 1557 2138 ad
1571 2089 1740 2153 priora

228 2178 462 2244 mapalia,
482 2178 671 2244 quaein
704 2177 1066 2242 campestribus
1095 2176 1228 2224 circa
1256 2173 1573 2234 Szolnokum,
1601 2174 1737 2223 Thu-

229 2262 365 2325 rium,
377 2268 427 2312 et
439 2262 540 2313 alia
551 2262 656 2312 eius
672 2265 860 2311 tractus
877 2256 1245 2326 oppida(locis),
1257 2258 1493 2308 coniectis
1512 2258 1741 2307 celeriter

235 2346 522 2396 stramentis
539 2383 550 2405 ,
587 2345 879 2396 tolerandae
930 2344 1123 2411 hyemis
1175 2343 1448 2392 acerrimae
1487 2358 1642 2392 causa
1666 2343 1737 2391 in-

233 2429 633 2490 aedificaverant,
662 2430 824 2479 redire
850 2433 1144 2479 statuerunt.
1163 2427 1407 2477 Praeerat
1433 2443 1491 2476 eo
1516 2433 1739 2492 tempore

232 2514 484 2566 Varadino
512 2513 710 2579 Caspar
736 2514 944 2575 Kornis,
971 2514 1117 2564 homo
1155 2513 1374 2578 prudens
1403 2517 1452 2561 et
1477 2517 1742 2561 veteranus

232 2599 460 2661 bellator,
504 2605 559 2650 ut
594 2599 789 2649 interim
829 2600 1053 2651 absentis
1086 2599 1137 2649 in
1161 2598 1412 2663 legatione
1441 2594 1742 2646 Germanica

233 2681 473 2747 Stephani
496 2683 722 2733 Boczkai
750 2684 905 2734 vicem
932 2685 1168 2749 supleret.
1185 2684 1239 2733 Is
1264 2686 1471 2745 accepta
1487 2681 1551 2729 ab
1570 2678 1740 2743 explo-

238 2765 488 2816 ratoribus
516 2767 839 2817 Tartarorum
855 2767 1163 2829 excursione,
1179 2771 1365 2830 quanta
1379 2768 1545 2829 potest
1571 2762 1741 2811 celeri-

234 2855 337 2900 tate
388 2851 451 2900 ad
506 2851 557 2900 X
583 2852 776 2902 circiter
801 2852 972 2914 millia,
1013 2869 1110 2916 qua
1161 2851 1404 2916 peditum,
1457 2862 1555 2911 qua
1608 2847 1740 2910 equi-

235 2941 364 2997 tum,
403 2935 566 2999 cogit,
606 2935 837 3000 nullaque
856 2937 1122 2987 interiecta
1148 2951 1286 2984 mora
1313 2934 1559 2983 barbaros
1574 2946 1742 2996 perse-

236 3019 319 3083 qui
347 3019 531 3069 statuit.
566 3018 939 3070 Praemiserant
965 3021 1115 3071 duces
1144 3019 1394 3083 copiarum
1421 3014 1506 3064 CC
1547 3014 1742 3063 circiter

1516 3109 1596 3150 10*
