2112 3288
0 3243 21 3288 η,
0 3225 7 3233 κ
0 3023 17 3209 π-Ᾰιῑ-πιηφῳψγ-ων
0 3006 3 3010 <
0 2983 2 2987 ἡ
0 2965 2 2969 -
0 2883 2 2894 <—
0 2869 1 2873 „
0 2767 9 2856 rvr-*w

591 195 658 227 DE
683 194 793 227 ΗΕΒ.
821 194 935 227 VNG.
964 193 1076 226 nne.
1105 194 1172 226 XI.
1201 195 1246 227 L.
1273 194 1303 226 1.
1609 181 1714 232 305

200 309 357 361 totius
384 307 659 359 Christiani
687 309 823 358 orbis
850 308 1051 358 multum
1079 309 1303 370 interest,
1344 314 1393 358 et
1417 325 1524 359 meo
1550 311 1716 378 impri-

212 393 307 443 mis
333 392 539 442 consilio
566 393 733 442 caveri
772 397 984 458 oportet.
1039 392 1199 452 Quum
1242 393 1370 441 enim
1413 394 1538 443 haec
1575 396 1717 459 regio

209 477 451 543 imprimis
503 477 569 527 sit
605 478 836 527 horreum
888 478 1160 542 Europae,
1200 493 1258 527 ac
1295 479 1718 543 propugnaculum

213 560 486 612 Christiani
500 562 704 629 Imperii
722 562 1275 626 circumvicinarumque
1288 563 1544 627 regionum
1570 565 1722 628 longe

206 646 596 709 munitissimum,
631 661 818 696 summo
847 651 982 696 certe
1009 647 1173 696 studio
1199 647 1317 695 mihi
1343 647 1719 698 incumbendum

208 729 260 779 in
283 729 336 778 id
358 730 466 792 fuit,
502 735 556 781 ut
594 735 785 780 mature
825 728 976 780 saluti
1015 730 1119 780 eius
1154 746 1214 779 ac
1250 730 1574 781 incolumitati
1610 748 1722 795 pro-

202 815 496 880 spiceretur.
525 815 722 866 Deinde
754 831 1069 880 nequaquam
1096 830 1189 864 vos
1215 815 1352 877 latet,
1392 832 1537 881 quam
1564 817 1722 866 multi-

199 899 414 964 plicibus
453 900 668 965 undique
708 900 1155 950 circumiacentium
1193 901 1445 950 nationum
1479 901 1604 951 odiis
1631 917 1721 966 pe-

200 988 375 1046 tamur,
412 986 710 1049 praesertim
747 999 867 1034 vero
907 1000 1005 1048 qua
1042 984 1182 1034 rabie
1213 985 1493 1034 Turcarum
1529 1000 1722 1050 prema-

202 1083 323 1132 mur,
351 1068 435 1133 qui
459 1068 582 1117 nihil
606 1084 819 1132 unquam
846 1068 1096 1131 antiquius
1123 1068 1330 1130 habent,
1361 1085 1506 1132 quam
1527 1074 1581 1118 ut
1593 1069 1723 1118 hanc

201 1152 506 1218 provinciam
531 1153 623 1202 sub
651 1153 817 1215 iugum
843 1152 1216 1201 crudelissimae
1233 1153 1490 1202 servitutis
1508 1153 1717 1202 mittant.

203 1238 264 1287 In
288 1237 384 1287 hac
418 1237 627 1303 periculi
664 1237 1017 1301 magnitudine,
1068 1236 1340 1301 ultimaque
1380 1237 1721 1287 defendendae

202 1322 397 1387 patriae
423 1323 740 1385 necessitate,
768 1322 995 1386 equidem
1009 1321 1194 1371 nullam
1209 1322 1461 1372 meliorem
1478 1322 1720 1372 rationem

203 1405 313 1456 fore
339 1408 523 1472 putavi,
554 1423 700 1472 quam
726 1411 779 1456 ut
807 1421 996 1456 summo
1025 1404 1300 1455 Christiani
1340 1406 1478 1455 orbis
1503 1408 1722 1472 Impera-

202 1490 302 1540 tori
328 1507 496 1541 curam
524 1491 630 1541 eius
655 1491 991 1554 resignarem3
1018 1507 1132 1539 nam
1161 1491 1205 1540 si
1232 1491 1521 1540 conservari
1549 1492 1721 1540 adver-

206 1590 293 1626 sus
320 1576 445 1626 tanti
469 1576 629 1626 hostis
655 1576 934 1626 molitiones
960 1576 1084 1625 haec
1110 1576 1249 1638 regio
1279 1576 1439 1637 debet,
1455 1574 1722 1625 Caesareis

205 1660 383 1726 opibus
410 1665 558 1725 atque
584 1661 850 1725 praesidiis
879 1665 1011 1709 certe
1038 1659 1189 1723 longe
1211 1659 1386 1723 magis,
1414 1675 1558 1723 quam
1572 1660 1720 1709 ullius

206 1744 392 1809 privati
416 1744 628 1794 hominis
654 1743 929 1809 patrocinio
964 1744 1155 1792 servari
1182 1743 1376 1808 poterit.
1426 1743 1554 1793 Nam
1592 1743 1723 1807 quod

206 1828 406 1893 quidam
433 1829 696 1891 obiiciunt,
722 1829 996 1878 inauditam
1023 1843 1135 1878 esse
1162 1828 1291 1877 hanc
1317 1843 1434 1889 rem,
1476 1827 1721 1876 omnibus-

208 1927 303 1976 que
340 1912 566 1963 historiis
603 1913 919 1976 incognitam,
960 1917 1014 1961 ut
1052 1912 1162 1976 quis
1190 1912 1447 1976 imperium
1474 1911 1619 1975 regni
1647 1912 1722 1960 sui

205 1996 443 2060 resignet,
470 1997 678 2046 alterive
693 1996 849 2056 cedat,
877 1996 1041 2045 multis
1063 1995 1305 2060 exemplis
1331 1995 1382 2043 id
1409 1996 1590 2044 falsum
1607 2009 1720 2043 esse

208 2081 536 2131 demonstrari
560 2086 741 2146 potest.
785 2079 840 2130 si
878 2080 987 2144 quis
1028 2080 1155 2129 enim
1196 2079 1432 2129 historias
1461 2079 1718 2130 orientalis

209 2171 358 2233 atque
382 2165 704 2215 occidentalis
731 2164 935 2230 Imperii
959 2165 1154 2228 legerit,
1196 2170 1244 2214 et
1282 2164 1477 2228 quidem
1518 2181 1625 2213 cum
1650 2164 1719 2212 in-

207 2249 408 2299 tellectu
434 2254 582 2313 atque
607 2249 788 2298 iudicio
815 2250 1025 2312 legerit:
1065 2249 1334 2314 comperiet
1371 2250 1597 2313 profecto
1636 2263 1719 2296 ne-

207 2349 454 2399 quaquam
481 2333 659 2383 deesse
686 2349 832 2397 quam
870 2334 1083 2398 plurima
1124 2335 1351 2398 exempla
1374 2333 1488 2382 huic
1522 2333 1715 2382 similia.

205 2417 442 2482 Legimus
468 2418 595 2468 enim
622 2418 1001 2479 Diocletianum,
1029 2418 1246 2468 Leonem
1274 2419 1563 2480 Isauricum,
1594 2417 1717 2466 Leo-

205 2517 317 2551 nem
340 2502 594 2564 iuniorem,
624 2508 674 2552 et
697 2508 893 2568 patrum
918 2508 1197 2552 nostrorum
1223 2503 1460 2552 memoria
1487 2500 1720 2550 Carolum

210 2585 458 2649 Quintum,
486 2602 546 2636 ac
572 2587 782 2652 denique
807 2603 965 2652 nuper
989 2587 1248 2637 admodum
1263 2587 1453 2636 Ducem
1468 2585 1717 2634 Bavariae

211 2670 469 2736 imperium
494 2670 799 2734 resignasse.
853 2670 907 2720 Si
940 2671 1093 2721 tantis
1121 2670 1414 2731 monarchis,
1461 2668 1542 2732 qui
1566 2668 1717 2730 longe

207 2755 490 2820 potentiora
515 2771 673 2819 regna
699 2756 1051 2819 gubernarunt,
1079 2756 1218 2805 licuit
1244 2753 1427 2818 privati
1453 2752 1539 2800 otii
1554 2751 1719 2813 gratia

213 2840 565 2902 gubernaculis
599 2855 655 2889 se
695 2840 945 2903 abdicare,
986 2846 1168 2905 quanto
1195 2839 1357 2901 magis
1394 2837 1563 2885 licebit
1600 2836 1719 2885 mihi

210 2924 438 2987 publicae
479 2925 656 2974 salutis
695 2940 847 2975 causa
882 2926 1010 2975 idem
1045 2927 1226 2983 facere,
1278 2922 1572 2987 praesertim
1611 2936 1718 2969 cum

207 3007 282 3058 illi
306 3007 515 3073 privatis
542 3010 691 3059 rebus
719 3010 976 3059 studentes
1014 3010 1163 3059 otium
1204 3007 1443 3057 duntaxat
1482 3005 1721 3055 securita-

272 3099 425 3128 MONVM.
450 3100 570 3129 nvnc.
591 3103 694 3130 ms'r.
715 3116 749 3121 -
763 3102 1018 3130 semproans.
1034 3102 1112 3128 xvn
1516 3088 1575 3132 20
