2112 3288
463 186 564 242 178
998 208 1061 242 10.
1087 208 1221 240 DEOII
1246 204 1443 242 BARovnt

461 322 552 370 bus
580 322 943 371 adventantium
971 324 1257 383 Turcarum,
1288 328 1335 371 et
1360 322 1512 371 variis
1538 324 1656 372 belli
1675 319 1948 387 apparandi

459 405 589 454 curis
615 406 836 470 impediti
861 406 1010 454 fuere.

598 489 810 538 Proinde
835 504 896 537 ne
933 493 983 537 et
1030 487 1164 538 inani
1214 493 1409 552 sumptu
1443 489 1686 538 aerarium
1724 487 1948 538 exhauri—

456 577 604 634 retur,
634 578 682 621 et
707 571 1062 636 superfluorum
1086 571 1309 621 ludorum
1336 586 1453 620 cura
1499 577 1688 636 tempus
1713 572 1786 621 rei
1821 573 1947 621 bene

455 656 703 717 gerendae
764 655 1014 712 efflueret,
1082 654 1268 717 placuit
1327 659 1515 703 mature
1575 655 1719 703 finem
1763 654 1951 719 nuptiis

451 738 647 801 imponi.
677 737 757 786 Ita
782 737 1006 799 sequenti
1034 734 1211 785 Martis
1239 736 1316 784 die
1343 737 1594 785 innumera
1632 753 1693 786 ex
1731 737 1942 800 singulis

458 820 652 883 oppidis
679 825 728 869 et
754 819 1050 880 civitatibus,
1076 820 1192 868 item
1207 818 1540 883 Optimatibus
1567 835 1627 868 ac
1646 819 1944 869 Proceribus

458 899 772 965 Sigismundo
811 902 1026 966 Principi
1063 903 1351 965 Mariaeque
1390 900 1730 951 Christiernae
1771 904 1942 952 oblata

460 989 572 1033 sunt
595 999 809 1033 munera.
827 983 955 1043 Quin
982 984 1129 1032 etiam
1145 1001 1175 1033 a
1190 986 1369 1034 ceteris
1386 984 1699 1034 Christianae
1713 984 1942 1050 reipubli-

454 1082 542 1116 cae
567 1066 895 1129 potestatibus
922 1067 1140 1130 pretiosa
1173 1072 1285 1115 sunt
1310 1067 1463 1116 missa
1502 1068 1719 1128 donaria,
1766 1068 1943 1131 quibus

457 1148 703 1211 Principis
730 1148 973 1197 aerarium
998 1164 1059 1197 ne
1086 1149 1266 1212 exigua
1292 1150 1485 1212 quidem
1524 1150 1600 1198 sui
1636 1155 1778 1213 parte
1816 1165 1944 1199 com-

451 1232 636 1295 pletum
663 1235 752 1279 est.
791 1230 849 1278 In
874 1231 936 1279 iis
962 1231 1148 1295 primas
1173 1237 1373 1281 tenuere
1386 1232 1614 1282 Pontifex
1639 1232 1750 1296 ipse
1762 1232 1944 1282 Roma÷

450 1329 556 1374 nus,
584 1314 666 1376 qui
685 1313 901 1377 aliquam
920 1314 1236 1378 reliquiarum
1253 1315 1397 1364 divae
1408 1316 1730 1382 Elisabethae
1743 1331 1806 1365 no
1818 1321 1944 1365 stra-

449 1397 515 1445 tis
552 1401 743 1461 partem
780 1412 869 1460 pro
910 1413 1106 1446 munere
1144 1398 1340 1447 misisse
1377 1399 1544 1447 fertur.
1585 1398 1665 1447 Ad
1699 1399 1824 1448 haec
1849 1399 1943 1447 Im-

451 1485 651 1544 perator
683 1480 792 1543 ipse
818 1479 1162 1542 Romanorum,
1191 1486 1240 1530 et
1266 1481 1518 1542 Matthias,
1558 1482 1943 1531 Maximilianus-

455 1579 549 1626 que
576 1561 895 1625 Archiduces,
924 1564 1222 1613 Franciscus
1262 1565 1378 1614 item
1410 1566 1556 1614 Dobo
1596 1570 1645 1613 et
1671 1565 1945 1628 complures

455 1646 540 1695 alii
563 1645 806 1698 Proceres
831 1647 1088 1709 Vngariae
1115 1647 1612 1712 Transylvaniaeque
1637 1663 1763 1697 vasa
1780 1662 1944 1708 aurea,

451 1733 799 1791 argenteaque,
839 1734 889 1777 et
914 1734 1187 1791 gemmatas
1226 1745 1395 1778 cruces
1433 1730 1586 1779 variis
1617 1730 1944 1793 pretiosorum

448 1811 664 1875 lapidum
691 1811 988 1860 ornamentis
1016 1812 1276 1861 decoratas
1302 1812 1493 1875 misere.
1522 1811 1623 1861 Sed
1647 1812 1765 1860 vicit
1793 1812 1942 1860 omni-

447 1910 528 1943 um
552 1893 964 1954 magnificentiam
990 1894 1231 1943 Matthiae
1258 1893 1551 1944 Archiducis
1577 1894 1844 1955 donarium,
1869 1898 1943 1942 tot

452 1975 764 2026 carbunculis
791 1981 840 2024 et
866 1976 1223 2037 adamantibus,
1252 1977 1482 2041 saphiris,
1521 1977 1814 2039 smaragdis,
1865 1990 1942 2024 ce-

454 2059 671 2122 terisque
699 2073 995 2120 gemmarum
1021 2059 1286 2122 generibus
1312 2059 1621 2119 illustratum,
1659 2064 1712 2108 ut
1748 2073 1779 2106 a
1814 2057 1942 2123 peri-

451 2143 516 2191 tis
547 2141 651 2190 eius
677 2140 750 2189 rei
776 2140 1048 2190 artificibus
1062 2157 1124 2190 ne
1137 2142 1309 2206 paucis
1325 2142 1517 2206 quidem
1531 2156 1786 2191 aureorum
1800 2140 1942 2189 milli-

453 2225 547 2274 bus
573 2222 694 2274 illud
721 2225 1031 2275 aestimatum
1058 2224 1218 2275 fuerit.

895 2484 1126 2534 OAPVT
1167 2484 1502 2545 QVINTVM.

450 2602 539 2654 De.
569 2604 705 2674 clade
734 2603 990 2653 liberorum
1008 2605 1231 2667 peditum
1261 2600 1696 2666 Transalpinorum
1721 2601 1900 2652 Istrum

981 2694 1394 2751 transgressorum.

517 2824 520 2828 ·
595 2806 874 2869 Antequam
889 2803 1084 2869 Sponsa
1109 2804 1159 2852 in
1187 2790 1605 2868 Transylvaniam
1630 2801 1842 2874 adducta
1864 2802 1936 2850 fo-

455 2894 556 2950 ret,
583 2889 728 2938 liberi
754 2888 959 2953 pedites,
986 2887 1067 2950 qui
1094 2887 1185 2935 sub
1212 2887 1446 2950 auspiciis
1474 2885 1774 2949 Sigismundi
1798 2883 1935 2934 Prin-

449 2973 572 3036 cipis
598 2973 867 3032 merebant,
894 2976 942 3020 et
978 2971 1102 3019 fines
1138 2970 1499 3033 provinciarum
1537 2974 1708 3019 contra
1744 2967 1934 3017 subitas
