2112 3288
616 221 681 253 DE
707 221 815 254 nun.
842 220 955 254 VNG.
983 222 1092 256 nnc.
1120 223 1163 255 x.
1193 223 1236 257 L.
1265 224 1327 255 [Χ.
1509 200 1517 203 ’
1651 212 1751 261 229

245 339 310 388 ad
323 336 647 403 Capitancum
675 337 908 396 reversiS,
938 337 1090 386 ceteri
1119 352 1287 387 omnes
1314 355 1344 387 a
1371 339 1544 388 liberis
1571 342 1745 405 pediti-

243 423 348 484 buS,
374 421 563 486 praeda
579 420 788 485 direpta,
817 425 867 470 et
881 420 1107 471 foeminis
1123 421 1364 471 duntaxat
1389 422 1747 487 impuberibus-

176 572 181 573 ,
240 522 338 572 que,
371 506 620 556 nonnullis
647 505 876 565 servatis,
917 505 1042 554 citra
1078 505 1231 555 ullam
1271 506 1746 557 commiserationem

235 589 468 640 trucidati
492 590 642 639 fuere.
682 589 809 652 Begi
835 588 886 638 in
911 589 1177 639 tentorium
1207 587 1473 654 Oapitanei
1513 605 1746 654 congres-

237 674 295 736 si,
329 689 441 724 cum
463 675 611 723 malle
639 688 695 723 se
720 673 1009 723 servitutem
1037 677 1363 738 spontaneam
1402 674 1555 735 obire,
1600 691 1745 738 quam

236 758 589 808 miserabiliter
627 774 657 807 a
706 758 956 822 peditibus
1007 758 1244 808 trucidari
1294 758 1563 818 dixissent,
1615 759 1745 807 inco-

236 843 455 892 columes
494 842 558 891 ab
598 857 656 892 eo
696 842 898 903 servati,
939 847 988 891 et
1023 843 1073 891 in
1111 847 1265 893 tutum
1293 843 1488 892 deducti
1534 844 1744 892 fuerunt.

235 926 407 976 Liberi
432 941 552 975 vero
579 926 773 990 pedites
799 926 979 990 partim
1016 931 1161 988 metu,
1187 927 1367 991 partim
1399 927 1476 976 ira
1503 927 1744 986 succensi,

234 1009 511 1060 deliberato
532 1010 740 1059 consilio
769 1026 879 1060 cum
907 1011 1036 1061 omni
1058 1011 1246 1075 praeda
1263 1010 1585 1072 Szolnokum,
1614 1010 1744 1075 quod

232 1100 346 1146 tunc
371 1095 765 1159 oppugnabatur,
794 1095 1051 1145 discedere
1067 1100 1359 1163 statuerunt.
1387 1095 1447 1144 Id
1462 1111 1568 1144 cum
1585 1093 1743 1144 Geor-

234 1179 346 1243 gius
385 1179 679 1244 accepisset,
718 1180 888 1229 missis
930 1181 994 1230 ad
1030 1195 1116 1230 eos
1150 1180 1414 1241 nonnullis,
1454 1179 1740 1244 praedaque

234 1264 363 1312 omni
378 1264 452 1313 eis
466 1278 719 1324 concessa,
747 1264 944 1313 tandem
970 1264 1197 1329 placatos
1225 1264 1273 1312 in
1287 1268 1457 1313 castra
1472 1264 1741 1313 revocavit.

236 1348 315 1396 Ita
363 1347 594 1410 foeminis
645 1347 911 1412 puerisque
940 1347 1169 1397 'Furcicis
1209 1349 1301 1398 sub
1347 1362 1531 1396 corona
1568 1347 1740 1396 vendi-

231 1430 309 1490 tis,
337 1430 532 1480 fidelem
559 1447 731 1481 rursus
759 1431 960 1496 operam
990 1431 1209 1496 Principi
1248 1447 1303 1481 se
1337 1436 1606 1481 navaturos
1632 1446 1743 1496 pro-

231 1514 485 1565 miserunt.

484 1741 718 1793 GAPVT
759 1741 1087 1793 DECIMVM
1123 1740 1468 1804 QVINTVM.

229 1840 306 1888 Dc
319 1839 456 1905 fusis
471 1839 758 1906 fuycztisqae
786 1850 922 1889 trans
957 1836 1138 1888 Istrum
1165 1839 1318 1903 copiis
1348 1837 1543 1901 Sinam,
1572 1844 1739 1900 capta-

709 1927 804 1988 q'ue
830 1941 941 1972 arec
974 1922 1255 1989 Gyryiovia.

371 2021 576 2070 Interim
602 2019 815 2069 Sinanus
841 2021 890 2068 in
906 2019 1259 2084 Transalpina,
1287 2018 1487 2080 veritus,
1515 2033 1576 2067 ne
1602 2020 1736 2066 totus

229 2103 478 2154 exercitus
524 2104 589 2153 ad
633 2104 1016 2153 internecionem
1056 2120 1087 2152 a
1124 2103 1311 2153 nostris
1351 2100 1737 2167 supervenienti-

227 2190 321 2239 bus
354 2188 618 2248 deleretur,
651 2187 834 2238 Istrum
874 2203 981 2237 cum
1018 2187 1267 2237 universis
1313 2186 1468 2250 copiis
1506 2184 1739 2235 traiicere

227 2273 462 2323 decrevit.
488 2257 706 2323 Proinde
746 2272 1043 2322 continuatis
1073 2272 1179 2321 dies
1213 2276 1364 2335 atque
1401 2276 1574 2320 noctes
1600 2269 1738 2318 itine-

198 2357 380 2421 -ribus,
420 2358 484 2407 ad
521 2374 686 2407 arcem
714 2356 1044 2423 Gyrgioviam
1088 2371 1278 2406 summa
1304 2354 1561 2404 celeritate
1597 2352 1734 2402 festi·

227 2442 380 2503 navit,
416 2442 503 2492 ubi
528 2443 711 2492 Istrum
738 2446 887 2506 ponte
914 2457 976 2490 ex
1002 2441 1214 2490 navibus
1253 2441 1476 2489 confecto
1513 2439 1611 2487 iam
1649 2454 1734 2486 an-

228 2532 312 2577 tea
350 2531 612 2576 straverat.
666 2526 1106 2577 Verumenimvero
1146 2541 1251 2574 cum
1288 2524 1530 2589 Princeps
1576 2523 1735 2571 Tran-

227 2609 469 2674 sylvanus
496 2626 526 2660 a
550 2615 695 2674 tergo
723 2610 768 2660 ei
806 2609 1093 2671 immineret,
1136 2614 1185 2659 et
1221 2608 1419 2658 iamiam
1456 2608 1736 2670 irrupturus

223 2695 522 2756 crederetur,
560 2694 654 2744 hoc
679 2698 1039 2758 stratagemate
1066 2699 1264 2743 nostros
1281 2692 1455 2742 elusit:
1484 2690 1733 2753 Quingen-

223 2784 302 2828 tos
342 2779 538 2828 circiter
578 2794 639 2828 cx
678 2778 808 2827 omni
841 2793 1039 2829 suorum
1077 2793 1279 2828 numero
1319 2776 1510 2840 equites
1536 2773 1732 2837 sclcgit,

226 2863 309 2927 qui
333 2862 529 2913 levibus
556 2862 929 2912 velitationibus
969 2878 1108 2929 spem
1134 2860 1320 2912 nostris
1346 2857 1733 2924 supervenienti-

222 2947 317 2996 bus
341 2948 535 2997 futurae
561 2962 761 3012 pugnae
785 2947 1019 2997 facerent.
1076 2946 1174 2996 Sed
1213 2950 1263 2994 ct
1287 2943 1393 2993 arci
1420 2941 1733 3006 Gryrgioviae

221 3030 515 3083 tutissimum
562 3047 622 3081 ex
664 3032 793 3081 omni
819 3032 1070 3097 copiarum
1103 3032 1282 3079 robore
1308 3026 1609 3092 praesidium
1637 3025 1728 3075 im-
