2112 3288
407 199 512 249 320
943 218 1008 252 10.
1035 219 1169 254 Dncn
1192 220 1391 255 BARovn

407 332 591 381 sacello
618 332 862 395 cederent,
890 331 1176 384 Catholicos
1203 335 1567 384 admonuerant.
1605 337 1687 386 Illi
1713 352 1894 401 nequa-

407 430 550 477 quam
577 416 841 465 cedendum
855 418 964 478 rati,
992 422 1153 467 ettam
1169 418 1429 468 donatione
1445 419 1719 484 principali,
1748 436 1892 485 quam

355 540 358 542 .
406 512 524 546 vero
551 499 738 549 iuribus
765 501 877 550 aliis
905 501 1114 562 subnixi,
1156 502 1322 550 affixis
1357 508 1594 565 suggesto
1620 508 1895 567 protestan-

406 581 523 630 tium
551 581 733 632 chartis
771 584 820 632 in
860 599 946 633 eos
986 585 1165 633 acerbe
1191 585 1384 648 invecti,
1435 602 1494 635 ac
1533 586 1641 635 dira
1674 601 1895 652 quaeque

405 664 504 713 illis
543 666 818 715 comminati
859 672 984 716 sunt.
1035 669 1161 717 Eam
1199 669 1432 731 chartam,
1473 684 1580 719 cum
1605 669 1898 720 Ambrosius

406 747 745 799 Dereczkeius
794 751 1014 800 minister
1041 752 1145 801 eius
1171 753 1265 802 loci
1290 754 1340 802 in
1365 760 1603 818 suggesto
1628 755 1899 820 reperisset

404 834 812 897 perlegissetque,
841 836 1123 899 ecquidem
1149 842 1368 901 tempore
1394 839 1638 888 subticuit.
1685 837 1785 888 Sed
1808 839 1892 888 ha·

402 915 507 963 bita
533 916 764 964 concione
802 933 905 965 rem
942 919 1199 982 capitaneo
1227 920 1371 984 arcis,
1420 922 1695 986 ceterisque
1721 922 1897 986 primo-

403 999 540 1049 ribus
577 1000 848 1049 nobilitatis
876 1003 1047 1066 aperit,
1089 1003 1328 1067 simulque
1354 1005 1637 1054 schedulam
1661 1006 1795 1054 illam
1821 1011 1893 1055 to-

403 1082 498 1131 tius
526 1084 642 1132 mali
679 1084 837 1133 facem
862 1084 963 1133 illis
990 1086 1255 1148 legendam
1283 1087 1494 1136 exhibet.
1521 1088 1644 1137 Eius
1670 1089 1743 1137 rei
1756 1103 1891 1147 acer-

403 1165 558 1214 bitate
598 1167 824 1214 commoti
849 1168 1071 1216 nonnulli
1096 1169 1327 1218 nobilium
1354 1174 1500 1234 atque
1526 1170 1912 1235 oppidanorum,¹

406 1250 692 1298 catervatim
719 1256 1025 1312 concurrunt,
1060 1256 1108 1300 et
1133 1252 1265 1301 facto
1293 1253 1475 1317 impetu
1502 1254 1651 1302 aedes
1675 1253 1806 1316 illas,
1845 1253 1896 1302 in

405 1332 580 1395 quibus
609 1333 838 1382 catholici
864 1334 927 1382 ad
953 1349 1098 1383 sacra
1124 1335 1383 1384 convenire
1411 1336 1653 1399 solebant,
1678 1337 1894 1387 funditus

404 1415 610 1478 diruunt,
650 1424 698 1466 et
734 1423 834 1466 tam
861 1419 1120 1468 arboribus
1148 1419 1422 1483 extirpatiS,
1465 1435 1609 1483 quam
1634 1421 1892 1470 scrobibus

403 1500 696 1562 glacialibus
734 1512 870 1555 terra
909 1503 1164 1567 completis
1204 1509 1377 1552 cuncta
1416 1503 1522 1552 solo
1557 1508 1784 1567 aequant,
1819 1518 1896 1552 sa—

402 1584 681 1633 cerdotibus
709 1600 768 1632 ac
792 1586 1005 1647 Iesuitis,
1033 1602 1129 1650 qua
1145 1587 1314 1651 cuique
1341 1587 1614 1651 proximum
1640 1587 1742 1647 fuit,
1770 1587 1891 1650 fuga

404 1665 710 1716 Szb'losinum
737 1669 960 1732 dilapsis.
990 1669 1099 1729 Qua
1113 1686 1167 1718 re
1183 1670 1382 1733 cognita
1395 1670 1558 1719 Maria
1573 1669 1895 1731 Christierna,

403 1766 528 1814 quae
566 1750 788 1815 profecto
816 1751 950 1814 Sigis
963 1753 1138 1801 mundo
1178 1752 1514 1815 gubernacula
1551 1753 1742 1816 imperii
1765 1758 1896 1823 tene·

400 1834 500 1894 bat,
527 1834 903 1884 Bartholomaeo
937 1835 1162 1885 Pezzeno
1191 1834 1487 1885 Consiliario
1505 1834 1768 1896 Caesareo,
1795 1835 1893 1883 De-

402 1917 575 1966 metrio
602 1918 858 1982 Napragio
885 1918 1135 1983 Episcopo
1178 1922 1226 1966 et
1254 1917 1565 1966 Cancellario
1593 1918 1896 1980 Transylva-

400 2001 526 2062 niae,
555 2001 762 2065 denique
789 1999 987 2050 Christo
999 2002 1156 2065 phoro
1184 2001 1481 2050 Kereszturi
1508 2001 1568 2049 de
1597 2000 1895 2049 Szentbene·

404 2084 515 2146 dek,
543 2083 723 2134 Curiae
736 2085 998 2148 MagistrO,
1028 2083 1334 2134 Varadinum
1358 2085 1538 2146 missiS,
1568 2099 1625 2133 ac
1652 2084 1780 2133 datis
1805 2099 1894 2148 per

404 2183 489 2217 eos
515 2168 673 2217 literis
694 2186 704 2216 ε
731 2168 844 2218 Non
864 2169 971 2218 sine
997 2169 1223 2231 maximo,
1263 2169 1431 2232 inquit,
1459 2168 1605 2218 animi
1632 2167 1800 2216 dolore
1824 2166 1894 2213 in-

401 2250 680 2300 telleximus
708 2252 994 2301 seditiosam
1019 2258 1236 2301 vestram
1263 2257 1433 2301 contra
1460 2250 1743 2301 Catholicos
1775 2240 1891 2299 'con-

406 2334 736 2398 spirationem,
765 2350 910 2397 quam
935 2340 984 2383 et
1010 2336 1186 2384 literae
1213 2334 1474 2399 Capitanei
1501 2334 1677 2390 vestri,
1706 2338 1755 2381 et
1781 2347 1895 2396 quo-

405 2417 610 2467 rundam
638 2415 1010 2468 Catholicorum
1038 2434 1290 2468 sermones
1332 2419 1499 2482 reipsa
1536 2417 1896 2465 confirmarunt.

407 2499 756 2563 significarunt
785 2500 925 2549 enim
962 2516 1051 2549 vos
1104 2501 1232 2549 datis
1270 2500 1572 2559 nominibuS,
1622 2498 1897 2561 iunctisque

407 2583 592 2635 dextris
618 2584 687 2633 ita
713 2584 995 2633 obstinatos
1036 2583 1086 2631 in
1126 2583 1365 2632 excidium
1392 2581 1760 2631 Catholicorum
1786 2594 1896 2629 con-

406 2667 642 2732 spirasse,
690 2671 744 2716 ut
782 2666 985 2715 armatis
1029 2667 1254 2715 manibus
1294 2666 1463 2715 domos
1505 2681 1671 2715 eorum
1708 2663 1895 2714 nefarie

406 2750 725 2813 violaveritis,
764 2766 822 2799 ac
861 2750 1129 2811 securibus,
1169 2749 1431 2812 ligonibUS,
1473 2749 1681 2812 aliisque
1718 2749 1897 2796 instru-

408 2835 610 2895 mentis,
647 2833 818 2882 aedem
860 2849 1023 2882 eorum
1074 2833 1292 2882 demoliti
1329 2833 1547 2895 fueritis,
1583 2831 1897 2893 funditusque

408 2917 712 2976 everteritis,
763 2932 869 2965 cum
918 2922 1080 2965 tamen
1131 2916 1310 2980 optimo
1359 2916 1464 2964 iure
1500 2932 1590 2980 per
1627 2914 1894 2978 legitimam

408 3001 655 3065 Principis
706 3000 1020 3049 donationem
1058 3000 1189 3049 bona
1239 3015 1329 3050 sua
1378 2998 1710 3064 possederint:
1742 2996 1897 3061 ,cuius
