<?xml version="1.0" encoding="UTF-8"?>
<!DOCTYPE html PUBLIC "-//W3C//DTD XHTML 1.0 Transitional//EN"
    "http://www.w3.org/TR/xhtml1/DTD/xhtml1-transitional.dtd">
<html xmlns="http://www.w3.org/1999/xhtml" xml:lang="en" lang="en">
 <head>
  <title>
</title>
<meta http-equiv="Content-Type" content="text/html;charset=utf-8" />
  <meta name='ocr-system' content='tesseract 3.04.00' />
  <meta name='ocr-capabilities' content='ocr_page ocr_carea ocr_par ocr_line ocrx_word'/>
</head>
<body>
  <div class='ocr_page' id='page_1' title='image "./baronyaidecsij00deciuoft_0307.png"; bbox 0 0 2112 3288; ppageno 0'>
   <div class='ocr_carea' id='block_1_1' title="bbox 540 173 1708 224">
    <p class='ocr_par' dir='ltr' id='par_1_1' title="bbox 540 173 1708 224">
     <span class='ocr_line' id='line_1_1' title="bbox 540 173 1708 224; baseline -0.003 -2"><span class='ocrx_word' id='word_1_1' title='bbox 540 190 604 222; x_wconf 76' lang='lat' dir='ltr'><strong>DE</strong></span> <span class='ocrx_word' id='word_1_2' title='bbox 627 189 736 222; x_wconf 69' lang='grc' dir='ltr'><strong>ΗΕΒ.</strong></span> <span class='ocrx_word' id='word_1_3' title='bbox 766 187 878 221; x_wconf 80' lang='lat' dir='ltr'>VNG.</span> <span class='ocrx_word' id='word_1_4' title='bbox 907 186 1016 220; x_wconf 70' lang='grc' dir='ltr'><strong>ΠΕΟ.</strong></span> <span class='ocrx_word' id='word_1_5' title='bbox 1043 187 1088 219; x_wconf 81' lang='lat' dir='ltr'><strong>x.</strong></span> <span class='ocrx_word' id='word_1_6' title='bbox 1115 187 1159 219; x_wconf 85' lang='lat' dir='ltr'><strong>L.</strong></span> <span class='ocrx_word' id='word_1_7' title='bbox 1187 187 1250 218; x_wconf 78' lang='lat' dir='ltr'><strong>rx.</strong></span> <span class='ocrx_word' id='word_1_8' title='bbox 1512 201 1519 204; x_wconf 15' lang='grc' dir='ltr'>ἡ</span> <span class='ocrx_word' id='word_1_9' title='bbox 1549 173 1650 224; x_wconf 79' lang='lat'><strong>223</strong></span> <span class='ocrx_word' id='word_1_10' title='bbox 1704 214 1708 219; x_wconf 79' lang='grc'><strong><em>,</em></strong></span> 
     </span>
    </p>
   </div>
   <div class='ocr_carea' id='block_1_2' title="bbox 152 301 1656 3081">
    <p class='ocr_par' dir='ltr' id='par_1_2' title="bbox 152 301 1656 3081">
     <span class='ocr_line' id='line_1_2' title="bbox 161 301 1652 376; baseline -0.007 -12"><span class='ocrx_word' id='word_1_11' title='bbox 161 309 525 376; x_wconf 81' lang='lat' dir='ltr'><strong>Tergovistum,</strong></span> <span class='ocrx_word' id='word_1_12' title='bbox 554 319 730 355; x_wconf 90' lang='lat' dir='ltr'><strong>caesos</strong></span> <span class='ocrx_word' id='word_1_13' title='bbox 756 303 936 352; x_wconf 80' lang='lat' dir='ltr'><strong>milites</strong></span> <span class='ocrx_word' id='word_1_14' title='bbox 964 307 1012 351; x_wconf 91' lang='lat' dir='ltr'><strong>et</strong></span> <span class='ocrx_word' id='word_1_15' title='bbox 1034 301 1117 351; x_wconf 90' lang='lat' dir='ltr'><strong>Ali</strong></span> <span class='ocrx_word' id='word_1_16' title='bbox 1131 302 1339 351; x_wconf 90' lang='lat' dir='ltr'><strong>Bassam</strong></span> <span class='ocrx_word' id='word_1_17' title='bbox 1364 302 1415 350; x_wconf 90' lang='lat' dir='ltr'><strong>in</strong></span> <span class='ocrx_word' id='word_1_18' title='bbox 1442 304 1652 354; x_wconf 83' lang='lat' dir='ltr'><strong>servitu—</strong></span> 
     </span>
     <span class='ocr_line' id='line_1_3' title="bbox 158 385 1650 452; baseline -0.006 -5"><span class='ocrx_word' id='word_1_19' title='bbox 158 402 257 447; x_wconf 90' lang='lat' dir='ltr'><strong>tem</strong></span> <span class='ocrx_word' id='word_1_20' title='bbox 304 391 554 443; x_wconf 85' lang='lat' dir='ltr'><strong>redactum</strong></span> <span class='ocrx_word' id='word_1_21' title='bbox 603 391 961 452; x_wconf 87' lang='lat' dir='ltr'><strong>cognoverunt,</strong></span> <span class='ocrx_word' id='word_1_22' title='bbox 1012 386 1221 434; x_wconf 88' lang='lat' dir='ltr'><strong>immane</strong></span> <span class='ocrx_word' id='word_1_23' title='bbox 1273 385 1416 447; x_wconf 90' lang='lat' dir='ltr'><strong>dictu,</strong></span> <span class='ocrx_word' id='word_1_24' title='bbox 1469 394 1650 451; x_wconf 89' lang='lat' dir='ltr'><strong>quanto</strong></span> 
     </span>
     <span class='ocr_line' id='line_1_4' title="bbox 158 468 1644 538; baseline -0.005 -8"><span class='ocrx_word' id='word_1_25' title='bbox 158 476 414 531; x_wconf 78' lang='lat' dir='ltr'><strong>confestim</strong></span> <span class='ocrx_word' id='word_1_26' title='bbox 437 479 628 524; x_wconf 89' lang='lat' dir='ltr'><strong>terrore</strong></span> <span class='ocrx_word' id='word_1_27' title='bbox 653 472 827 538; x_wconf 88' lang='lat' dir='ltr'><strong>panico</strong></span> <span class='ocrx_word' id='word_1_28' title='bbox 854 469 1156 520; x_wconf 89' lang='lat' dir='ltr'><strong>consternati</strong></span> <span class='ocrx_word' id='word_1_29' title='bbox 1181 469 1374 518; x_wconf 84' lang='lat' dir='ltr'><strong>fuerint.</strong></span> <span class='ocrx_word' id='word_1_30' title='bbox 1417 468 1485 519; x_wconf 93' lang='lat' dir='ltr'><strong>At</strong></span> <span class='ocrx_word' id='word_1_31' title='bbox 1511 486 1644 534; x_wconf 92' lang='lat' dir='ltr'><strong>vero,</strong></span> 
     </span>
     <span class='ocr_line' id='line_1_5' title="bbox 155 555 1648 620; baseline -0.006 -6"><span class='ocrx_word' id='word_1_32' title='bbox 155 579 261 614; x_wconf 88' lang='lat' dir='ltr'><strong>cum</strong></span> <span class='ocrx_word' id='word_1_33' title='bbox 299 558 698 611; x_wconf 81' lang='lat' dir='ltr'>antecursoribus</span> <span class='ocrx_word' id='word_1_34' title='bbox 735 561 1014 606; x_wconf 89' lang='lat' dir='ltr'><strong>nostrorum</strong></span> <span class='ocrx_word' id='word_1_35' title='bbox 1053 555 1332 604; x_wconf 88' lang='lat' dir='ltr'><strong>Bokoresto</strong></span> <span class='ocrx_word' id='word_1_36' title='bbox 1387 556 1648 620; x_wconf 90' lang='lat' dir='ltr'><strong>appropin-</strong></span> 
     </span>
     <span class='ocr_line' id='line_1_6' title="bbox 157 638 1650 713; baseline -0.005 -15"><span class='ocrx_word' id='word_1_37' title='bbox 157 646 419 713; x_wconf 88' lang='lat' dir='ltr'><strong>quantibus</strong></span> <span class='ocrx_word' id='word_1_38' title='bbox 446 640 548 709; x_wconf 91' lang='lat' dir='ltr'><strong>(qui</strong></span> <span class='ocrx_word' id='word_1_39' title='bbox 574 659 636 693; x_wconf 83' lang='lat' dir='ltr'><strong>ex</strong></span> <span class='ocrx_word' id='word_1_40' title='bbox 661 640 1064 691; x_wconf 80' lang='lat' dir='ltr'><strong>vexillationibus</strong></span> <span class='ocrx_word' id='word_1_41' title='bbox 1093 638 1289 689; x_wconf 89' lang='lat' dir='ltr'><strong>Nicolai</strong></span> <span class='ocrx_word' id='word_1_42' title='bbox 1317 638 1485 705; x_wconf 87' lang='lat' dir='ltr'><strong>Apafy</strong></span> <span class='ocrx_word' id='word_1_43' title='bbox 1512 657 1650 705; x_wconf 87' lang='lat' dir='ltr'><strong>prae-</strong></span> 
     </span>
     <span class='ocr_line' id='line_1_7' title="bbox 157 726 1654 795; baseline -0.005 -13"><span class='ocrx_word' id='word_1_44' title='bbox 157 726 369 795; x_wconf 75' lang='lat' dir='ltr'><strong>iverant)</strong></span> <span class='ocrx_word' id='word_1_45' title='bbox 397 727 630 778; x_wconf 82' lang='lat' dir='ltr'><strong>hostilem</strong></span> <span class='ocrx_word' id='word_1_46' title='bbox 659 727 813 776; x_wconf 82' lang='lat' dir='ltr'><strong>aciem</strong></span> <span class='ocrx_word' id='word_1_47' title='bbox 852 739 1180 790; x_wconf 80' lang='lat' dir='ltr'><strong>conspexere:</strong></span> <span class='ocrx_word' id='word_1_48' title='bbox 1221 729 1321 773; x_wconf 90' lang='lat' dir='ltr'><strong>tum</strong></span> <span class='ocrx_word' id='word_1_49' title='bbox 1362 739 1480 773; x_wconf 87' lang='lat' dir='ltr'><strong>vero</strong></span> <span class='ocrx_word' id='word_1_50' title='bbox 1506 726 1654 790; x_wconf 91' lang='lat' dir='ltr'><strong>trepi-</strong></span> 
     </span>
     <span class='ocr_line' id='line_1_8' title="bbox 154 809 1652 878; baseline -0.005 -11"><span class='ocrx_word' id='word_1_51' title='bbox 154 816 287 878; x_wconf 89' lang='lat' dir='ltr'><strong>dare,</strong></span> <span class='ocrx_word' id='word_1_52' title='bbox 311 818 626 864; x_wconf 85' lang='lat' dir='ltr'><strong>manerentne</strong></span> <span class='ocrx_word' id='word_1_53' title='bbox 655 828 719 861; x_wconf 90' lang='lat' dir='ltr'><strong>an</strong></span> <span class='ocrx_word' id='word_1_54' title='bbox 755 813 983 874; x_wconf 83' lang='lat' dir='ltr'><strong>fugerent</strong></span> <span class='ocrx_word' id='word_1_55' title='bbox 1021 809 1260 870; x_wconf 90' lang='lat' dir='ltr'><strong>dubitare,</strong></span> <span class='ocrx_word' id='word_1_56' title='bbox 1288 814 1337 858; x_wconf 90' lang='lat' dir='ltr'><strong>et</strong></span> <span class='ocrx_word' id='word_1_57' title='bbox 1363 809 1479 874; x_wconf 92' lang='lat' dir='ltr'><strong>quid</strong></span> <span class='ocrx_word' id='word_1_58' title='bbox 1506 811 1652 871; x_wconf 88' lang='lat' dir='ltr'><strong>facto,</strong></span> 
     </span>
     <span class='ocr_line' id='line_1_9' title="bbox 154 893 1656 964; baseline -0.004 -14"><span class='ocrx_word' id='word_1_59' title='bbox 154 901 397 952; x_wconf 88' lang='lat' dir='ltr'><strong>infectove</strong></span> <span class='ocrx_word' id='word_1_60' title='bbox 435 912 559 964; x_wconf 89' lang='lat' dir='ltr'><strong>opus</strong></span> <span class='ocrx_word' id='word_1_61' title='bbox 587 898 663 959; x_wconf 88' lang='lat' dir='ltr'><strong>sit,</strong></span> <span class='ocrx_word' id='word_1_62' title='bbox 704 895 940 946; x_wconf 91' lang='lat' dir='ltr'><strong>attonitus</strong></span> <span class='ocrx_word' id='word_1_63' title='bbox 989 910 1156 943; x_wconf 91' lang='lat' dir='ltr'><strong>secum</strong></span> <span class='ocrx_word' id='word_1_64' title='bbox 1183 893 1470 958; x_wconf 86' lang='lat' dir='ltr'><strong>disquirere.</strong></span> <span class='ocrx_word' id='word_1_65' title='bbox 1522 893 1656 944; x_wconf 89' lang='lat' dir='ltr'><strong>Vicit</strong></span> 
     </span>
     <span class='ocr_line' id='line_1_10' title="bbox 157 976 1654 1046; baseline -0.004 -10"><span class='ocrx_word' id='word_1_66' title='bbox 157 986 356 1036; x_wconf 87' lang='lat' dir='ltr'><strong>tandem</strong></span> <span class='ocrx_word' id='word_1_67' title='bbox 380 985 578 1034; x_wconf 87' lang='lat' dir='ltr'><strong>fortuna</strong></span> <span class='ocrx_word' id='word_1_68' title='bbox 604 981 866 1046; x_wconf 88' lang='lat' dir='ltr'><strong>Principis,</strong></span> <span class='ocrx_word' id='word_1_69' title='bbox 911 984 959 1029; x_wconf 91' lang='lat' dir='ltr'><strong>et</strong></span> <span class='ocrx_word' id='word_1_70' title='bbox 998 979 1168 1029; x_wconf 85' lang='lat' dir='ltr'><strong>fatalis</strong></span> <span class='ocrx_word' id='word_1_71' title='bbox 1216 979 1305 1030; x_wconf 90' lang='lat' dir='ltr'><strong>illa</strong></span> <span class='ocrx_word' id='word_1_72' title='bbox 1331 976 1496 1045; x_wconf 87' lang='lat' dir='ltr'><strong>(quam</strong></span> <span class='ocrx_word' id='word_1_73' title='bbox 1522 980 1654 1030; x_wconf 90' lang='lat' dir='ltr'><strong>mille</strong></span> 
     </span>
     <span class='ocr_line' id='line_1_11' title="bbox 156 1061 1655 1130; baseline -0.003 -10"><span class='ocrx_word' id='word_1_74' title='bbox 156 1071 254 1120; x_wconf 90' lang='lat' dir='ltr'><strong>iam</strong></span> <span class='ocrx_word' id='word_1_75' title='bbox 295 1069 491 1120; x_wconf 89' lang='lat' dir='ltr'><strong>circiter</strong></span> <span class='ocrx_word' id='word_1_76' title='bbox 530 1082 765 1118; x_wconf 90' lang='lat' dir='ltr'><strong>annorum</strong></span> <span class='ocrx_word' id='word_1_77' title='bbox 803 1063 1074 1115; x_wconf 87' lang='lat' dir='ltr'><strong>sceleribus</strong></span> <span class='ocrx_word' id='word_1_78' title='bbox 1111 1061 1517 1130; x_wconf 86' lang='lat' dir='ltr'><strong>promeruerant),</strong></span> <span class='ocrx_word' id='word_1_79' title='bbox 1557 1065 1655 1116; x_wconf 91' lang='lat' dir='ltr'><strong>Ne-</strong></span> 
     </span>
     <span class='ocr_line' id='line_1_12' title="bbox 156 1150 1654 1220; baseline -0.005 -15"><span class='ocrx_word' id='word_1_80' title='bbox 156 1155 307 1205; x_wconf 88' lang='lat' dir='ltr'><strong>mesis</strong></span> <span class='ocrx_word' id='word_1_81' title='bbox 334 1153 643 1220; x_wconf 89' lang='lat' dir='ltr'><strong>quantumvis</strong></span> <span class='ocrx_word' id='word_1_82' title='bbox 670 1156 868 1201; x_wconf 88' lang='lat' dir='ltr'><strong>ruentes</strong></span> <span class='ocrx_word' id='word_1_83' title='bbox 893 1150 944 1199; x_wconf 92' lang='lat' dir='ltr'><strong>in</strong></span> <span class='ocrx_word' id='word_1_84' title='bbox 959 1164 1200 1215; x_wconf 83' lang='lat' dir='ltr'><strong>praeceps</strong></span> <span class='ocrx_word' id='word_1_85' title='bbox 1216 1165 1366 1213; x_wconf 86' lang='lat' dir='ltr'><strong>agere</strong></span> <span class='ocrx_word' id='word_1_86' title='bbox 1391 1150 1654 1215; x_wconf 89' lang='lat' dir='ltr'><strong>praestitit.</strong></span> 
     </span>
     <span class='ocr_line' id='line_1_13' title="bbox 156 1233 1652 1300; baseline -0.003 -11"><span class='ocrx_word' id='word_1_87' title='bbox 156 1238 268 1289; x_wconf 90' lang='lat' dir='ltr'><strong>Vno</strong></span> <span class='ocrx_word' id='word_1_88' title='bbox 296 1239 423 1289; x_wconf 90' lang='lat' dir='ltr'><strong>enim</strong></span> <span class='ocrx_word' id='word_1_89' title='bbox 448 1253 616 1289; x_wconf 91' lang='lat' dir='ltr'><strong>omnes</strong></span> <span class='ocrx_word' id='word_1_90' title='bbox 643 1250 900 1296; x_wconf 80' lang='lat' dir='ltr'><strong>consensU,</strong></span> <span class='ocrx_word' id='word_1_91' title='bbox 941 1234 1083 1300; x_wconf 89' lang='lat' dir='ltr'><strong>quasi</strong></span> <span class='ocrx_word' id='word_1_92' title='bbox 1122 1233 1234 1283; x_wconf 89' lang='lat' dir='ltr'><strong>dato</strong></span> <span class='ocrx_word' id='word_1_93' title='bbox 1275 1234 1338 1283; x_wconf 93' lang='lat' dir='ltr'><strong>ad</strong></span> <span class='ocrx_word' id='word_1_94' title='bbox 1365 1234 1652 1300; x_wconf 84' lang='lat' dir='ltr'><strong>capiendam</strong></span> 
     </span>
     <span class='ocr_line' id='line_1_14' title="bbox 154 1318 1648 1389; baseline -0.002 -16"><span class='ocrx_word' id='word_1_95' title='bbox 154 1325 322 1389; x_wconf 85' lang='lat' dir='ltr'><strong>fugam</strong></span> <span class='ocrx_word' id='word_1_96' title='bbox 349 1323 579 1385; x_wconf 83' lang='lat' dir='ltr'><strong>classicO,</strong></span> <span class='ocrx_word' id='word_1_97' title='bbox 607 1320 966 1386; x_wconf 86' lang='lat' dir='ltr'><strong>impedimentis</strong></span> <span class='ocrx_word' id='word_1_98' title='bbox 979 1319 1232 1384; x_wconf 86' lang='lat' dir='ltr'><strong>plerisque</strong></span> <span class='ocrx_word' id='word_1_99' title='bbox 1245 1318 1426 1385; x_wconf 90' lang='lat' dir='ltr'><strong>partim</strong></span> <span class='ocrx_word' id='word_1_100' title='bbox 1446 1320 1648 1383; x_wconf 87' lang='lat' dir='ltr'><strong>relictis,</strong></span> 
     </span>
     <span class='ocr_line' id='line_1_15' title="bbox 154 1403 1652 1473; baseline -0.001 -15"><span class='ocrx_word' id='word_1_101' title='bbox 154 1409 348 1473; x_wconf 88' lang='lat' dir='ltr'><strong>partim,</strong></span> <span class='ocrx_word' id='word_1_102' title='bbox 387 1425 449 1458; x_wconf 87' lang='lat' dir='ltr'><strong>ne</strong></span> <span class='ocrx_word' id='word_1_103' title='bbox 474 1407 585 1457; x_wconf 89' lang='lat' dir='ltr'><strong>usui</strong></span> <span class='ocrx_word' id='word_1_104' title='bbox 612 1422 725 1456; x_wconf 84' lang='lat' dir='ltr'><strong>esse</strong></span> <span class='ocrx_word' id='word_1_105' title='bbox 751 1411 968 1471; x_wconf 84' lang='lat' dir='ltr'><strong>possent,</strong></span> <span class='ocrx_word' id='word_1_106' title='bbox 998 1403 1257 1469; x_wconf 88' lang='lat' dir='ltr'><strong>corruptis,</strong></span> <span class='ocrx_word' id='word_1_107' title='bbox 1299 1420 1462 1454; x_wconf 84' lang='lat' dir='ltr'><strong>arcem</strong></span> <span class='ocrx_word' id='word_1_108' title='bbox 1488 1405 1652 1456; x_wconf 92' lang='lat' dir='ltr'><strong>incen-</strong></span> 
     </span>
     <span class='ocr_line' id='line_1_16' title="bbox 156 1488 1653 1555; baseline -0.002 -12"><span class='ocrx_word' id='word_1_109' title='bbox 156 1509 263 1544; x_wconf 90' lang='lat' dir='ltr'><strong>sam</strong></span> <span class='ocrx_word' id='word_1_110' title='bbox 308 1493 554 1553; x_wconf 88' lang='lat' dir='ltr'><strong>deserunt,</strong></span> <span class='ocrx_word' id='word_1_111' title='bbox 594 1497 643 1541; x_wconf 89' lang='lat' dir='ltr'><strong>et</strong></span> <span class='ocrx_word' id='word_1_112' title='bbox 685 1507 782 1555; x_wconf 91' lang='lat' dir='ltr'><strong>qua</strong></span> <span class='ocrx_word' id='word_1_113' title='bbox 821 1490 994 1554; x_wconf 89' lang='lat' dir='ltr'><strong>cuique</strong></span> <span class='ocrx_word' id='word_1_114' title='bbox 1020 1488 1292 1554; x_wconf 86' lang='lat' dir='ltr'><strong>proximum</strong></span> <span class='ocrx_word' id='word_1_115' title='bbox 1321 1491 1653 1541; x_wconf 89' lang='lat' dir='ltr'><strong>commodissi-</strong></span> 
     </span>
     <span class='ocr_line' id='line_1_17' title="bbox 156 1573 1654 1644; baseline -0.001 -16"><span class='ocrx_word' id='word_1_116' title='bbox 156 1594 380 1644; x_wconf 91' lang='lat' dir='ltr'><strong>mumque</strong></span> <span class='ocrx_word' id='word_1_117' title='bbox 396 1577 669 1638; x_wconf 87' lang='lat' dir='ltr'><strong>videbatur,</strong></span> <span class='ocrx_word' id='word_1_118' title='bbox 697 1575 967 1638; x_wconf 83' lang='lat' dir='ltr'><strong>diffugiunt.</strong></span> <span class='ocrx_word' id='word_1_119' title='bbox 996 1573 1274 1638; x_wconf 89' lang='lat' dir='ltr'><strong>Antequam</strong></span> <span class='ocrx_word' id='word_1_120' title='bbox 1298 1579 1461 1625; x_wconf 89' lang='lat' dir='ltr'><strong>tamen</strong></span> <span class='ocrx_word' id='word_1_121' title='bbox 1487 1576 1654 1640; x_wconf 85' lang='lat' dir='ltr'><strong>fugam</strong></span> 
     </span>
     <span class='ocr_line' id='line_1_18' title="bbox 154 1658 1654 1727; baseline -0.002 -14"><span class='ocrx_word' id='word_1_122' title='bbox 154 1664 346 1725; x_wconf 88' lang='lat' dir='ltr'><strong>inirent,</strong></span> <span class='ocrx_word' id='word_1_123' title='bbox 372 1660 907 1727; x_wconf 87' lang='lat' dir='ltr'><strong>magnificentissimum</strong></span> <span class='ocrx_word' id='word_1_124' title='bbox 936 1658 1178 1723; x_wconf 91' lang='lat' dir='ltr'><strong>quoddam</strong></span> <span class='ocrx_word' id='word_1_125' title='bbox 1205 1660 1437 1725; x_wconf 89' lang='lat' dir='ltr'><strong>templum</strong></span> <span class='ocrx_word' id='word_1_126' title='bbox 1459 1661 1523 1710; x_wconf 90' lang='lat' dir='ltr'><strong>ab</strong></span> <span class='ocrx_word' id='word_1_127' title='bbox 1540 1659 1654 1710; x_wconf 92' lang='lat' dir='ltr'><strong>Ale-</strong></span> 
     </span>
     <span class='ocr_line' id='line_1_19' title="bbox 153 1744 1654 1809; baseline -0.002 -12"><span class='ocrx_word' id='word_1_128' title='bbox 153 1748 343 1798; x_wconf 83' lang='lat' dir='ltr'><strong>xandro</strong></span> <span class='ocrx_word' id='word_1_129' title='bbox 382 1752 495 1797; x_wconf 90' lang='lat' dir='ltr'><strong>ante</strong></span> <span class='ocrx_word' id='word_1_130' title='bbox 521 1745 816 1796; x_wconf 90' lang='lat' dir='ltr'><strong>Michaelem</strong></span> <span class='ocrx_word' id='word_1_131' title='bbox 855 1744 1001 1794; x_wconf 88' lang='lat' dir='ltr'><strong>tertio</strong></span> <span class='ocrx_word' id='word_1_132' title='bbox 1032 1744 1396 1809; x_wconf 89' lang='lat' dir='ltr'><strong>Transalpinae</strong></span> <span class='ocrx_word' id='word_1_133' title='bbox 1423 1745 1654 1808; x_wconf 90' lang='lat' dir='ltr'><strong>Vajvoda</strong></span> 
     </span>
     <span class='ocr_line' id='line_1_20' title="bbox 152 1828 1646 1897; baseline -0.003 -14"><span class='ocrx_word' id='word_1_134' title='bbox 152 1832 408 1894; x_wconf 88' lang='lat' dir='ltr'><strong>conditum,</strong></span> <span class='ocrx_word' id='word_1_135' title='bbox 448 1832 530 1897; x_wconf 91' lang='lat' dir='ltr'><strong>qui</strong></span> <span class='ocrx_word' id='word_1_136' title='bbox 556 1831 726 1897; x_wconf 88' lang='lat' dir='ltr'><strong>paucis</strong></span> <span class='ocrx_word' id='word_1_137' title='bbox 765 1835 878 1880; x_wconf 91' lang='lat' dir='ltr'><strong>ante</strong></span> <span class='ocrx_word' id='word_1_138' title='bbox 905 1829 1046 1878; x_wconf 90' lang='lat' dir='ltr'><strong>annis</strong></span> <span class='ocrx_word' id='word_1_139' title='bbox 1085 1828 1148 1877; x_wconf 90' lang='lat' dir='ltr'><strong>ad</strong></span> <span class='ocrx_word' id='word_1_140' title='bbox 1174 1828 1324 1894; x_wconf 90' lang='lat' dir='ltr'><strong>impia</strong></span> <span class='ocrx_word' id='word_1_141' title='bbox 1349 1829 1646 1879; x_wconf 90' lang='lat' dir='ltr'><strong>Mahometis</strong></span> 
     </span>
     <span class='ocr_line' id='line_1_21' title="bbox 154 1913 1651 1978; baseline -0.002 -11"><span class='ocrx_word' id='word_1_142' title='bbox 154 1933 302 1967; x_wconf 90' lang='lat' dir='ltr'><strong>sacra</strong></span> <span class='ocrx_word' id='word_1_143' title='bbox 329 1917 630 1978; x_wconf 80' lang='lat' dir='ltr'><strong>deseruerat,</strong></span> <span class='ocrx_word' id='word_1_144' title='bbox 658 1920 707 1964; x_wconf 90' lang='lat' dir='ltr'><strong>et</strong></span> <span class='ocrx_word' id='word_1_145' title='bbox 734 1920 846 1964; x_wconf 91' lang='lat' dir='ltr'><strong>tunc</strong></span> <span class='ocrx_word' id='word_1_146' title='bbox 873 1914 1037 1963; x_wconf 88' lang='lat' dir='ltr'><strong>socius</strong></span> <span class='ocrx_word' id='word_1_147' title='bbox 1053 1913 1502 1964; x_wconf 86' lang='lat' dir='ltr'><strong>administratorum</strong></span> <span class='ocrx_word' id='word_1_148' title='bbox 1542 1931 1651 1964; x_wconf 60' lang='lat' dir='ltr'><strong>con&lt;</strong></span> 
     </span>
     <span class='ocr_line' id='line_1_22' title="bbox 153 1996 1649 2064; baseline -0.001 -14"><span class='ocrx_word' id='word_1_149' title='bbox 153 2001 370 2051; x_wconf 90' lang='lat' dir='ltr'><strong>siliorum</strong></span> <span class='ocrx_word' id='word_1_150' title='bbox 397 1999 578 2050; x_wconf 86' lang='lat' dir='ltr'><strong>Sinano</strong></span> <span class='ocrx_word' id='word_1_151' title='bbox 605 2000 803 2050; x_wconf 91' lang='lat' dir='ltr'><strong>additus</strong></span> <span class='ocrx_word' id='word_1_152' title='bbox 830 2004 949 2060; x_wconf 86' lang='lat' dir='ltr'><strong>erat,</strong></span> <span class='ocrx_word' id='word_1_153' title='bbox 977 1999 1115 2047; x_wconf 90' lang='lat' dir='ltr'><strong>iussu</strong></span> <span class='ocrx_word' id='word_1_154' title='bbox 1129 1996 1299 2047; x_wconf 86' lang='lat' dir='ltr'><strong>Sinani</strong></span> <span class='ocrx_word' id='word_1_155' title='bbox 1324 1999 1526 2064; x_wconf 88' lang='lat' dir='ltr'><strong>pulvere</strong></span> <span class='ocrx_word' id='word_1_156' title='bbox 1553 2005 1649 2048; x_wconf 82' lang='lat' dir='ltr'><strong>tor-</strong></span> 
     </span>
     <span class='ocr_line' id='line_1_23' title="bbox 156 2083 1651 2147; baseline -0.001 -12"><span class='ocrx_word' id='word_1_157' title='bbox 156 2085 394 2135; x_wconf 88' lang='lat' dir='ltr'><strong>mentario</strong></span> <span class='ocrx_word' id='word_1_158' title='bbox 422 2085 492 2135; x_wconf 92' lang='lat' dir='ltr'><strong>ita</strong></span> <span class='ocrx_word' id='word_1_159' title='bbox 515 2084 846 2134; x_wconf 83' lang='lat' dir='ltr'><strong>fundamentis</strong></span> <span class='ocrx_word' id='word_1_160' title='bbox 885 2083 1054 2147; x_wconf 87' lang='lat' dir='ltr'><strong>templi</strong></span> <span class='ocrx_word' id='word_1_161' title='bbox 1081 2083 1319 2145; x_wconf 83' lang='lat' dir='ltr'><strong>subiectO,</strong></span> <span class='ocrx_word' id='word_1_162' title='bbox 1364 2089 1416 2133; x_wconf 87' lang='lat' dir='ltr'><strong>ut</strong></span> <span class='ocrx_word' id='word_1_163' title='bbox 1453 2089 1651 2134; x_wconf 88' lang='lat' dir='ltr'><strong>nostros</strong></span> 
     </span>
     <span class='ocr_line' id='line_1_24' title="bbox 156 2167 1652 2235; baseline 0 -16"><span class='ocrx_word' id='word_1_164' title='bbox 156 2170 274 2219; x_wconf 90' lang='lat' dir='ltr'><strong>illuc</strong></span> <span class='ocrx_word' id='word_1_165' title='bbox 300 2169 561 2231; x_wconf 91' lang='lat' dir='ltr'><strong>subituros,</strong></span> <span class='ocrx_word' id='word_1_166' title='bbox 588 2174 788 2235; x_wconf 87' lang='lat' dir='ltr'><strong>repente</strong></span> <span class='ocrx_word' id='word_1_167' title='bbox 814 2167 1038 2217; x_wconf 88' lang='lat' dir='ltr'><strong>incendio</strong></span> <span class='ocrx_word' id='word_1_168' title='bbox 1065 2167 1339 2230; x_wconf 88' lang='lat' dir='ltr'><strong>conficeret,</strong></span> <span class='ocrx_word' id='word_1_169' title='bbox 1368 2169 1652 2234; x_wconf 86' lang='lat' dir='ltr'><strong>absumpse-</strong></span> 
     </span>
     <span class='ocr_line' id='line_1_25' title="bbox 155 2251 1652 2318; baseline -0.001 -14"><span class='ocrx_word' id='word_1_170' title='bbox 155 2260 281 2305; x_wconf 89' lang='lat' dir='ltr'><strong>runt.</strong></span> <span class='ocrx_word' id='word_1_171' title='bbox 310 2254 583 2317; x_wconf 86' lang='lat' dir='ltr'><strong>Fugientes</strong></span> <span class='ocrx_word' id='word_1_172' title='bbox 610 2251 837 2311; x_wconf 84' lang='lat' dir='ltr'><strong>Barbari,</strong></span> <span class='ocrx_word' id='word_1_173' title='bbox 864 2269 924 2302; x_wconf 90' lang='lat' dir='ltr'><strong>ne</strong></span> <span class='ocrx_word' id='word_1_174' title='bbox 951 2253 1323 2318; x_wconf 88' lang='lat' dir='ltr'><strong>insequentibus</strong></span> <span class='ocrx_word' id='word_1_175' title='bbox 1349 2254 1531 2303; x_wconf 90' lang='lat' dir='ltr'><strong>nostris</strong></span> <span class='ocrx_word' id='word_1_176' title='bbox 1559 2254 1652 2304; x_wconf 90' lang='lat' dir='ltr'><strong>iter</strong></span> 
     </span>
     <span class='ocr_line' id='line_1_26' title="bbox 154 2338 1652 2405; baseline 0.001 -16"><span class='ocrx_word' id='word_1_177' title='bbox 154 2345 362 2405; x_wconf 85' lang='lat' dir='ltr'><strong>pateret,</strong></span> <span class='ocrx_word' id='word_1_178' title='bbox 389 2345 578 2404; x_wconf 78' lang='lat' dir='ltr'><strong>ponteS,</strong></span> <span class='ocrx_word' id='word_1_179' title='bbox 619 2355 715 2403; x_wconf 90' lang='lat' dir='ltr'><strong>qua</strong></span> <span class='ocrx_word' id='word_1_180' title='bbox 742 2338 1088 2396; x_wconf 90' lang='lat' dir='ltr'><strong>discesserant,</strong></span> <span class='ocrx_word' id='word_1_181' title='bbox 1129 2338 1337 2399; x_wconf 90' lang='lat' dir='ltr'><strong>diruunt,</strong></span> <span class='ocrx_word' id='word_1_182' title='bbox 1378 2356 1535 2404; x_wconf 91' lang='lat' dir='ltr'><strong>eaque</strong></span> <span class='ocrx_word' id='word_1_183' title='bbox 1576 2357 1652 2390; x_wconf 90' lang='lat' dir='ltr'><strong>ra-</strong></span> 
     </span>
     <span class='ocr_line' id='line_1_27' title="bbox 154 2421 1650 2489; baseline 0 -15"><span class='ocrx_word' id='word_1_184' title='bbox 154 2425 287 2474; x_wconf 91' lang='lat' dir='ltr'><strong>tione</strong></span> <span class='ocrx_word' id='word_1_185' title='bbox 313 2424 362 2473; x_wconf 91' lang='lat' dir='ltr'><strong>in</strong></span> <span class='ocrx_word' id='word_1_186' title='bbox 388 2429 540 2473; x_wconf 88' lang='lat' dir='ltr'><strong>tutum</strong></span> <span class='ocrx_word' id='word_1_187' title='bbox 567 2423 705 2473; x_wconf 91' lang='lat' dir='ltr'><strong>abire</strong></span> <span class='ocrx_word' id='word_1_188' title='bbox 732 2428 980 2473; x_wconf 84' lang='lat' dir='ltr'><strong>conantur.</strong></span> <span class='ocrx_word' id='word_1_189' title='bbox 1010 2421 1108 2472; x_wconf 84' lang='lat' dir='ltr'><strong>Sed</strong></span> <span class='ocrx_word' id='word_1_190' title='bbox 1134 2423 1336 2473; x_wconf 87' lang='lat' dir='ltr'><strong>vicisset</strong></span> <span class='ocrx_word' id='word_1_191' title='bbox 1361 2424 1443 2474; x_wconf 91' lang='lat' dir='ltr'><strong>hic</strong></span> <span class='ocrx_word' id='word_1_192' title='bbox 1459 2441 1650 2489; x_wconf 89' lang='lat' dir='ltr'><strong>quoque</strong></span> 
     </span>
     <span class='ocr_line' id='line_1_28' title="bbox 154 2506 1651 2573; baseline 0.001 -16"><span class='ocrx_word' id='word_1_193' title='bbox 154 2510 352 2560; x_wconf 89' lang='lat' dir='ltr'><strong>fortuna</strong></span> <span class='ocrx_word' id='word_1_194' title='bbox 378 2506 652 2558; x_wconf 82' lang='lat' dir='ltr'><strong>Christiani</strong></span> <span class='ocrx_word' id='word_1_195' title='bbox 679 2508 886 2573; x_wconf 82' lang='lat' dir='ltr'><strong>nominis</strong></span> <span class='ocrx_word' id='word_1_196' title='bbox 915 2523 1081 2557; x_wconf 89' lang='lat' dir='ltr'><strong>eorum</strong></span> <span class='ocrx_word' id='word_1_197' title='bbox 1108 2509 1353 2568; x_wconf 90' lang='lat' dir='ltr'><strong>astutiam,</strong></span> <span class='ocrx_word' id='word_1_198' title='bbox 1396 2525 1540 2573; x_wconf 90' lang='lat' dir='ltr'><strong>quam</strong></span> <span class='ocrx_word' id='word_1_199' title='bbox 1580 2514 1651 2559; x_wconf 83' lang='lat' dir='ltr'><strong>tot</strong></span> 
     </span>
     <span class='ocr_line' id='line_1_29' title="bbox 156 2592 1649 2658; baseline -0.001 -15"><span class='ocrx_word' id='word_1_200' title='bbox 156 2593 335 2644; x_wconf 90' lang='lat' dir='ltr'><strong>seculis</strong></span> <span class='ocrx_word' id='word_1_201' title='bbox 362 2592 411 2641; x_wconf 91' lang='lat' dir='ltr'><strong>in</strong></span> <span class='ocrx_word' id='word_1_202' title='bbox 436 2593 680 2658; x_wconf 83' lang='lat' dir='ltr'><strong>publicam</strong></span> <span class='ocrx_word' id='word_1_203' title='bbox 708 2594 876 2658; x_wconf 90' lang='lat' dir='ltr'><strong>populi</strong></span> <span class='ocrx_word' id='word_1_204' title='bbox 902 2593 1045 2645; x_wconf 88' lang='lat' dir='ltr'><strong>huius</strong></span> <span class='ocrx_word' id='word_1_205' title='bbox 1072 2608 1279 2658; x_wconf 86' lang='lat' dir='ltr'><strong>poenam</strong></span> <span class='ocrx_word' id='word_1_206' title='bbox 1309 2594 1476 2643; x_wconf 87' lang='lat' dir='ltr'><strong>divina</strong></span> <span class='ocrx_word' id='word_1_207' title='bbox 1490 2594 1649 2658; x_wconf 89' lang='lat' dir='ltr'><strong>provi-</strong></span> 
     </span>
     <span class='ocr_line' id='line_1_30' title="bbox 157 2677 1649 2743; baseline 0 -16"><span class='ocrx_word' id='word_1_208' title='bbox 157 2678 322 2727; x_wconf 85' lang='lat' dir='ltr'><strong>dentia</strong></span> <span class='ocrx_word' id='word_1_209' title='bbox 349 2677 731 2727; x_wconf 88' lang='lat' dir='ltr'><strong>secundaverat:</strong></span> <span class='ocrx_word' id='word_1_210' title='bbox 770 2678 865 2727; x_wconf 90' lang='lat' dir='ltr'><strong>nisi</strong></span> <span class='ocrx_word' id='word_1_211' title='bbox 903 2678 1053 2727; x_wconf 88' lang='lat' dir='ltr'><strong>nimia</strong></span> <span class='ocrx_word' id='word_1_212' title='bbox 1092 2679 1340 2743; x_wconf 89' lang='lat' dir='ltr'><strong>copiarum</strong></span> <span class='ocrx_word' id='word_1_213' title='bbox 1372 2683 1649 2727; x_wconf 89' lang='lat' dir='ltr'><strong>nostrarum</strong></span> 
     </span>
     <span class='ocr_line' id='line_1_31' title="bbox 154 2761 1647 2827; baseline -0.001 -15"><span class='ocrx_word' id='word_1_214' title='bbox 154 2762 399 2822; x_wconf 89' lang='lat' dir='ltr'><strong>tarditate,</strong></span> <span class='ocrx_word' id='word_1_215' title='bbox 440 2776 564 2825; x_wconf 88' lang='lat' dir='ltr'><strong>quae</strong></span> <span class='ocrx_word' id='word_1_216' title='bbox 591 2777 651 2810; x_wconf 86' lang='lat' dir='ltr'><strong>ex</strong></span> <span class='ocrx_word' id='word_1_217' title='bbox 684 2767 815 2811; x_wconf 84' lang='lat' dir='ltr'><strong>metu</strong></span> <span class='ocrx_word' id='word_1_218' title='bbox 854 2761 1114 2812; x_wconf 85' lang='lat' dir='ltr'><strong>Sinanicae</strong></span> <span class='ocrx_word' id='word_1_219' title='bbox 1155 2763 1342 2812; x_wconf 81' lang='lat' dir='ltr'><strong>fraudis</strong></span> <span class='ocrx_word' id='word_1_220' title='bbox 1368 2762 1647 2827; x_wconf 89' lang='lat' dir='ltr'><strong>proficisce-</strong></span> 
     </span>
     <span class='ocr_line' id='line_1_32' title="bbox 154 2846 1647 2910; baseline -0.001 -14"><span class='ocrx_word' id='word_1_221' title='bbox 154 2848 313 2908; x_wconf 85' lang='lat' dir='ltr'><strong>batur,</strong></span> <span class='ocrx_word' id='word_1_222' title='bbox 340 2846 534 2895; x_wconf 87' lang='lat' dir='ltr'><strong>occasio</strong></span> <span class='ocrx_word' id='word_1_223' title='bbox 549 2846 853 2910; x_wconf 90' lang='lat' dir='ltr'><strong>opprimendi</strong></span> <span class='ocrx_word' id='word_1_224' title='bbox 880 2863 965 2896; x_wconf 90' lang='lat' dir='ltr'><strong>eos</strong></span> <span class='ocrx_word' id='word_1_225' title='bbox 988 2848 1281 2908; x_wconf 82' lang='lat' dir='ltr'><strong>effluxisset.</strong></span> <span class='ocrx_word' id='word_1_226' title='bbox 1323 2847 1506 2896; x_wconf 91' lang='lat' dir='ltr'><strong>Audita</strong></span> <span class='ocrx_word' id='word_1_227' title='bbox 1521 2847 1647 2895; x_wconf 89' lang='lat' dir='ltr'><strong>Tur-</strong></span> 
     </span>
     <span class='ocr_line' id='line_1_33' title="bbox 155 2929 1648 2997; baseline 0.001 -18"><span class='ocrx_word' id='word_1_228' title='bbox 155 2946 320 2980; x_wconf 87' lang='lat' dir='ltr'><strong>carum</strong></span> <span class='ocrx_word' id='word_1_229' title='bbox 369 2930 489 2993; x_wconf 84' lang='lat' dir='ltr'><strong>fuga</strong></span> <span class='ocrx_word' id='word_1_230' title='bbox 539 2929 792 2995; x_wconf 89' lang='lat' dir='ltr'><strong>Princeps,</strong></span> <span class='ocrx_word' id='word_1_231' title='bbox 845 2932 1092 2997; x_wconf 90' lang='lat' dir='ltr'><strong>missaque</strong></span> <span class='ocrx_word' id='word_1_232' title='bbox 1144 2931 1400 2996; x_wconf 88' lang='lat' dir='ltr'><strong>aliquanta</strong></span> <span class='ocrx_word' id='word_1_233' title='bbox 1452 2946 1648 2980; x_wconf 89' lang='lat' dir='ltr'><strong>suorum</strong></span> 
     </span>
     <span class='ocr_line' id='line_1_34' title="bbox 155 3014 1647 3081; baseline 0.001 -18"><span class='ocrx_word' id='word_1_234' title='bbox 155 3030 312 3078; x_wconf 84' lang='lat' dir='ltr'><strong>mann,</strong></span> <span class='ocrx_word' id='word_1_235' title='bbox 339 3014 616 3064; x_wconf 84' lang='lat' dir='ltr'><strong>Bokoresto</strong></span> <span class='ocrx_word' id='word_1_236' title='bbox 643 3015 840 3079; x_wconf 87' lang='lat' dir='ltr'><strong>potitus,</strong></span> <span class='ocrx_word' id='word_1_237' title='bbox 868 3017 1115 3080; x_wconf 82' lang='lat' dir='ltr'><strong>ingentem</strong></span> <span class='ocrx_word' id='word_1_238' title='bbox 1146 3021 1504 3079; x_wconf 84' lang='lat' dir='ltr'><strong>tormentorum,</strong></span> <span class='ocrx_word' id='word_1_239' title='bbox 1545 3016 1647 3081; x_wconf 89' lang='lat' dir='ltr'><strong>pul-</strong></span> 
     </span>
    </p>
   </div>
  </div>
 </body>
</html>
