2112 3288
458 179 594 222 LVIII
977 194 1107 222 DECNJ
1129 181 1265 224 almas
1288 181 1432 224 15:125'1213

455 302 503 349 in
530 307 664 351 tanto
702 303 821 351 iuris
863 302 1063 353 Oceano
1102 320 1217 352 nare
1259 319 1469 368 possem,
1524 310 1571 352 et
1609 303 1713 352 sine
1741 304 1938 354 Theseo

454 387 547 434 hoc
572 402 694 450 opus
732 402 974 450 nunquam
1012 403 1041 435 a
1069 402 1258 450 quoquo
1297 392 1529 436 tentatum
1570 402 1644 435 me
1677 387 1936 436 absoluere

452 485 598 533 posse
625 470 951 520 considerem:
983 472 1076 520 feci
1113 471 1162 519 id
1189 472 1316 535 quod
1354 472 1617 536 prudentes
1644 471 1858 520 viatores
1884 470 1934 519 in

450 554 605 603 vastis
631 555 908 618 ignotisque
935 556 1058 604 locis
1085 556 1250 605 facere
1277 559 1650 604 consueverunt.
1693 554 1936 619 Proposui

451 637 575 685 enim
612 638 728 686 mihi
766 639 1091 688 institutiones
1131 638 1300 688 civiles
1327 655 1386 687 ac
1411 638 1705 700 Vngaricas,
1745 654 1805 687 ex
1832 638 1936 702 qui-

448 721 540 769 bus
566 722 694 771 hanc
717 723 879 785 legum
906 722 1232 772 Romanarum
1260 739 1318 771 ac
1333 722 1721 772 Pannonicarum
1741 736 1935 771 concor·
1978 726 1981 728 “

449 803 661 854 dantiam
689 806 1038 855 concinnarem.
1068 808 1238 869 [taque
1265 822 1371 856 eam
1393 811 1590 855 secutus
1616 805 1933 870 componendi

448 886 785 951 Syntagmatis
824 890 965 939 huius
1004 890 1219 950 formam,
1249 905 1392 954 quam
1430 888 1607 939 Cicero
1641 890 1690 937 in
1719 888 1931 939 Oratore

448 972 674 1032 delineat,
693 990 764 1034 ac,
781 989 873 1038 quo
890 974 1051 1038 captui
1069 974 1355 1023 discentium
1372 974 1531 1036 magis
1547 974 1865 1033 consulerem,
1882 973 1931 1022 in

445 1071 626 1104 morem
641 1057 965 1120 Dialogorum
981 1057 1298 1106 erotematica
1310 1057 1467 1106 forma
1491 1073 1624 1118 usus,
1642 1063 1795 1107 totam
1809 1056 1929 1106 iuris

445 1139 711 1198 scientiam,
741 1147 792 1189 ut
806 1143 1002 1200 assolet,
1028 1142 1077 1189 in
1107 1147 1313 1204 quatuor
1339 1156 1670 1204 personarum,
1698 1141 1929 1191 dominio·

443 1239 559 1282 rum,
589 1224 957 1286 obligationum,
997 1231 1045 1273 et
1071 1225 1312 1273 actionum
1340 1240 1526 1286 genera
1551 1226 1750 1274 totidem
1786 1225 1928 1275 libris

445 1309 798 1372 comprehensa
823 1309 1068 1369 revocavi,
1103 1308 1367 1371 generibus
1382 1309 1574 1373 species
1600 1310 1797 1369 subieci,
1824 1325 1929 1358 eas-

442 1407 535 1454 que
551 1408 656 1441 cum
671 1391 1033 1441 definitionibus
1049 1392 1286 1456 expressi,
1301 1397 1401 1440 tum
1416 1393 1654 1457 exemplis
1667 1392 1927 1442 illustravi.

443 1475 530 1535 Ac,
558 1492 618 1525 ne
644 1477 861 1540 pluribus
893 1476 1054 1524 omnia
1084 1490 1381 1536 recenseam,
1419 1475 1490 1524 ita
1516 1477 1599 1525 Ius
1627 1476 1926 1539 Vngaricum

439 1559 680 1624 imperiali
701 1560 995 1622 coniungere
1031 1565 1236 1608 conatus
1263 1574 1382 1618 sum,
1408 1565 1462 1608 ut
1482 1559 1615 1608 illius
1640 1574 1826 1609 naevos
1840 1551 1925 1610 hu-

438 1643 513 1692 ius
528 1643 778 1706 aequitate
792 1649 1128 1707 temperarem,
1149 1643 1367 1692 defectus
1387 1644 1612 1691 ubertate
1631 1644 1924 1707 supplerem,

442 1727 773 1777 confusionem
789 1727 1013 1777 methodo
1031 1727 1345 1789 corrigerem,
1373 1725 1670 1790 squallorem
1685 1731 1733 1775 et
1747 1727 1921 1776 barba-

436 1811 556 1859 riem
583 1811 830 1874 elegantia
843 1812 1117 1875 mitigarem
1144 1827 1203 1860 ac
1217 1811 1499 1874 expolirem.
1517 1810 1756 1874 Equidem
1782 1825 1921 1875 prae-

436 1894 577 1945 video
617 1897 791 1953 animo,
830 1911 974 1959 quam
1014 1895 1148 1943 multi
1172 1894 1322 1943 futuri
1349 1894 1462 1954 sint,
1504 1893 1585 1957 qui
1611 1891 1761 1942 hosce
1786 1907 1921 1942 meos

436 1977 633 2028 labores
659 1994 755 2027 non
786 1985 971 2028 tantum
998 1977 1331 2042 contempturi,
1366 1977 1454 2026 sed
1480 1977 1626 2025 etiam
1651 1975 1813 2025 multis
1838 1992 1921 2027 no-

434 2062 641 2112 minibus
691 2063 1038 2127 reprehensuri
1087 2062 1199 2110 sint.
1251 2060 1353 2109 Alii
1403 2060 1531 2109 enim
1571 2047 1922 2110 desiderabunt
1977 2101 1979 2105 Α

434 2147 734 2205 brevitatem,
759 2147 844 2196 alii
870 2147 1119 2210 requirent
1144 2147 1432 2204 ubertatem,
1474 2144 1693 2194 nonnulli
1719 2150 1921 2209 carpent

432 2231 723 2290 methodum,
751 2231 946 2295 quidam
973 2231 1391 2280 calumniabuntur
1418 2228 1766 2279 obscuritatem
1785 2229 1919 2293 styli,

431 2329 526 2362 non
553 2316 696 2379 pauci
735 2315 1142 2377 superfluitatem,
1183 2313 1590 2370 contrarietatem,
1629 2311 1916 2376 ambiguita-

431 2403 557 2458 tem„
583 2398 904 2457 insolentiam,
933 2406 982 2448 et
1008 2403 1241 2448 sexcenta
1267 2397 1366 2446 alia
1392 2396 1511 2445 vitia
1536 2396 1787 2461 notabunt.
1815 2394 1912 2445 Sed

432 2481 741 2531 considerent
779 2483 922 2546 aequi
972 2484 1185 2532 lectores
1237 2480 1407 2542 velim,
1458 2494 1562 2539 me,
1614 2478 1696 2542 qui
1731 2478 1915 2543 primus

431 2566 557 2613 hanc
591 2564 711 2613 iuris
749 2561 907 2613 civilis
946 2581 1003 2614 ac
1030 2564 1266 2627 Vngarici
1303 2561 1686 2612 coniunctionem
1723 2562 1910 2612 molitus

433 2642 539 2708 sim,
566 2648 698 2697 haud
725 2664 967 2712 quaquam
992 2649 1212 2713 potuisse
1239 2647 1509 2712 perfectum
1540 2646 1590 2693 in
1615 2647 1709 2695 hoc
1734 2662 1911 2710 genere

432 2748 554 2798 opus
580 2732 790 2781 efficere.
821 2732 931 2781 Non
958 2732 1083 2781 enim
1110 2732 1253 2779 simul
1278 2735 1550 2779 nascuntur
1577 2734 1709 2779 artes
1735 2735 1784 2779 et
1808 2746 1914 2795 per-

430 2819 679 2868 ficiuntur:
707 2818 795 2867 sed
830 2823 883 2867 ut
915 2818 965 2866 in
1003 2817 1114 2866 aliis
1153 2816 1387 2876 seientiiS,
1438 2815 1508 2864 ita
1544 2816 1595 2865 in
1632 2816 1725 2865 hac
1764 2815 1914 2879 legali

429 2904 664 2952 facultate
702 2903 922 2952 adhiberi
959 2901 1086 2951 solet
1110 2901 1343 2966 paulatim
1371 2900 1639 2963 diligentia,
1681 2915 1807 2963 quae
1832 2915 1912 2948 va-

431 2987 502 3037 rie
542 2986 766 3053 dispersa
817 2986 1032 3049 colligat,
1080 2984 1318 3034 dissoluta
1368 2984 1681 3047 conglutinet,
1721 2983 1910 3034 divulsa
