<?xml version="1.0" encoding="UTF-8"?>
<!DOCTYPE html PUBLIC "-//W3C//DTD XHTML 1.0 Transitional//EN"
    "http://www.w3.org/TR/xhtml1/DTD/xhtml1-transitional.dtd">
<html xmlns="http://www.w3.org/1999/xhtml" xml:lang="en" lang="en">
 <head>
  <title>
</title>
<meta http-equiv="Content-Type" content="text/html;charset=utf-8" />
  <meta name='ocr-system' content='tesseract 3.04.00' />
  <meta name='ocr-capabilities' content='ocr_page ocr_carea ocr_par ocr_line ocrx_word'/>
</head>
<body>
  <div class='ocr_page' id='page_1' title='image "./baronyaidecsij00deciuoft_0139.png"; bbox 0 0 2112 3288; ppageno 0'>
   <div class='ocr_carea' id='block_1_1' title="bbox 0 0 82 1177">
    <p class='ocr_par' dir='ltr' id='par_1_1' title="bbox 0 0 82 1177">
     <span class='ocr_line' id='line_1_1' title="bbox 0 0 82 1177; baseline 0 0"><span class='ocrx_word' id='word_1_1' title='bbox 0 0 82 1177; x_wconf 95' lang='lat' dir='ltr'> </span> 
     </span>
    </p>
   </div>
   <div class='ocr_carea' id='block_1_2' title="bbox 646 141 1773 189">
    <p class='ocr_par' dir='ltr' id='par_1_2' title="bbox 646 141 1773 189">
     <span class='ocr_line' id='line_1_2' title="bbox 646 141 1773 189; baseline 0.004 -6"><span class='ocrx_word' id='word_1_2' title='bbox 646 151 711 184; x_wconf 83' lang='lat' dir='ltr'>DE</span> <span class='ocrx_word' id='word_1_3' title='bbox 738 151 846 184; x_wconf 72' lang='grc'><strong>11113.</strong></span> <span class='ocrx_word' id='word_1_4' title='bbox 875 150 987 184; x_wconf 65' lang='lat' dir='ltr'>vno.</span> <span class='ocrx_word' id='word_1_5' title='bbox 1017 151 1127 184; x_wconf 72' lang='grc'><strong>11110.</strong></span> <span class='ocrx_word' id='word_1_6' title='bbox 1156 151 1203 186; x_wconf 86' lang='lat' dir='ltr'>x.</span> <span class='ocrx_word' id='word_1_7' title='bbox 1233 153 1277 186; x_wconf 82' lang='lat' dir='ltr'>L.</span> <span class='ocrx_word' id='word_1_8' title='bbox 1305 153 1371 185; x_wconf 87' lang='lat'>111.</span> <span class='ocrx_word' id='word_1_9' title='bbox 1706 141 1773 189; x_wconf 72' lang='lat'>55</span> 
     </span>
    </p>
   </div>
   <div class='ocr_carea' id='block_1_3' title="bbox 265 266 1771 925">
    <p class='ocr_par' dir='ltr' id='par_1_3' title="bbox 265 266 1771 925">
     <span class='ocr_line' id='line_1_3' title="bbox 276 266 1769 333; baseline 0 -15"><span class='ocrx_word' id='word_1_10' title='bbox 276 269 414 319; x_wconf 86' lang='lat' dir='ltr'>ribus</span> <span class='ocrx_word' id='word_1_11' title='bbox 437 268 572 317; x_wconf 88' lang='lat' dir='ltr'>nulla</span> <span class='ocrx_word' id='word_1_12' title='bbox 598 272 732 316; x_wconf 87' lang='lat' dir='ltr'>certa</span> <span class='ocrx_word' id='word_1_13' title='bbox 759 267 831 315; x_wconf 90' lang='lat' dir='ltr'>eis</span> <span class='ocrx_word' id='word_1_14' title='bbox 858 266 1126 314; x_wconf 89' lang='lat' dir='ltr'>resistendi</span> <span class='ocrx_word' id='word_1_15' title='bbox 1164 267 1277 315; x_wconf 91' lang='lat' dir='ltr'>iniri</span> <span class='ocrx_word' id='word_1_16' title='bbox 1303 268 1430 317; x_wconf 89' lang='lat' dir='ltr'>ratio</span> <span class='ocrx_word' id='word_1_17' title='bbox 1457 271 1682 333; x_wconf 87' lang='lat' dir='ltr'>potuerit,</span> <span class='ocrx_word' id='word_1_18' title='bbox 1716 272 1769 325; x_wconf 85' lang='lat' dir='ltr'>id</span> 
     </span>
     <span class='ocr_line' id='line_1_4' title="bbox 275 350 1768 415; baseline 0.001 -13"><span class='ocrx_word' id='word_1_19' title='bbox 275 351 528 402; x_wconf 87' lang='lat' dir='ltr'>confirmat</span> <span class='ocrx_word' id='word_1_20' title='bbox 550 350 728 415; x_wconf 88' lang='lat' dir='ltr'>potius,</span> <span class='ocrx_word' id='word_1_21' title='bbox 756 366 901 414; x_wconf 91' lang='lat' dir='ltr'>quam</span> <span class='ocrx_word' id='word_1_22' title='bbox 928 350 1119 411; x_wconf 87' lang='lat' dir='ltr'>evertit,</span> <span class='ocrx_word' id='word_1_23' title='bbox 1146 355 1244 399; x_wconf 90' lang='lat' dir='ltr'>tam</span> <span class='ocrx_word' id='word_1_24' title='bbox 1260 351 1388 400; x_wconf 88' lang='lat' dir='ltr'>hanc</span> <span class='ocrx_word' id='word_1_25' title='bbox 1413 358 1647 412; x_wconf 89' lang='lat' dir='ltr'>nostram,</span> <span class='ocrx_word' id='word_1_26' title='bbox 1664 370 1768 403; x_wconf 88' lang='lat' dir='ltr'>cum</span> 
     </span>
     <span class='ocr_line' id='line_1_5' title="bbox 273 435 1771 500; baseline -0.001 -13"><span class='ocrx_word' id='word_1_27' title='bbox 273 435 490 496; x_wconf 85' lang='lat' dir='ltr'>dicimus,</span> <span class='ocrx_word' id='word_1_28' title='bbox 516 435 586 484; x_wconf 89' lang='lat' dir='ltr'>ita</span> <span class='ocrx_word' id='word_1_29' title='bbox 606 436 715 486; x_wconf 91' lang='lat' dir='ltr'>Deo</span> <span class='ocrx_word' id='word_1_30' title='bbox 741 435 1005 500; x_wconf 77' lang='lat' dir='ltr'>placuisse,</span> <span class='ocrx_word' id='word_1_31' title='bbox 1043 440 1097 483; x_wconf 89' lang='lat' dir='ltr'>ut</span> <span class='ocrx_word' id='word_1_32' title='bbox 1129 450 1218 499; x_wconf 91' lang='lat' dir='ltr'>per</span> <span class='ocrx_word' id='word_1_33' title='bbox 1257 436 1448 485; x_wconf 85' lang='lat' dir='ltr'>infirma</span> <span class='ocrx_word' id='word_1_34' title='bbox 1486 437 1585 485; x_wconf 90' lang='lat' dir='ltr'>ista</span> <span class='ocrx_word' id='word_1_35' title='bbox 1610 438 1771 487; x_wconf 90' lang='lat' dir='ltr'>media</span> 
     </span>
     <span class='ocr_line' id='line_1_6' title="bbox 272 514 1771 584; baseline -0.001 -13"><span class='ocrx_word' id='word_1_36' title='bbox 272 514 500 572; x_wconf 80' lang='lat' dir='ltr'>ostendat</span> <span class='ocrx_word' id='word_1_37' title='bbox 524 520 622 569; x_wconf 89' lang='lat' dir='ltr'>vim</span> <span class='ocrx_word' id='word_1_38' title='bbox 647 519 897 584; x_wconf 90' lang='lat' dir='ltr'>potentiae</span> <span class='ocrx_word' id='word_1_39' title='bbox 924 534 1043 568; x_wconf 88' lang='lat' dir='ltr'>suae</span> <span class='ocrx_word' id='word_1_40' title='bbox 1069 519 1118 568; x_wconf 90' lang='lat' dir='ltr'>in</span> <span class='ocrx_word' id='word_1_41' title='bbox 1144 524 1320 583; x_wconf 79' lang='lat' dir='ltr'>gentes</span> <span class='ocrx_word' id='word_1_42' title='bbox 1345 520 1551 584; x_wconf 86' lang='lat' dir='ltr'>ignaras</span> <span class='ocrx_word' id='word_1_43' title='bbox 1566 521 1655 581; x_wconf 88' lang='lat' dir='ltr'>sui,</span> <span class='ocrx_word' id='word_1_44' title='bbox 1669 525 1771 570; x_wconf 90' lang='lat' dir='ltr'>tum</span> 
     </span>
     <span class='ocr_line' id='line_1_7' title="bbox 269 603 1769 670; baseline -0.002 -15"><span class='ocrx_word' id='word_1_45' title='bbox 269 619 376 655; x_wconf 90' lang='lat' dir='ltr'>cum</span> <span class='ocrx_word' id='word_1_46' title='bbox 401 608 451 654; x_wconf 91' lang='lat' dir='ltr'>et</span> <span class='ocrx_word' id='word_1_47' title='bbox 474 604 615 670; x_wconf 83' lang='lat' dir='ltr'>ipsae</span> <span class='ocrx_word' id='word_1_48' title='bbox 642 603 831 653; x_wconf 90' lang='lat' dir='ltr'>modios</span> <span class='ocrx_word' id='word_1_49' title='bbox 857 603 977 666; x_wconf 89' lang='lat' dir='ltr'>irae,</span> <span class='ocrx_word' id='word_1_50' title='bbox 1005 603 1459 669; x_wconf 88' lang='lat' dir='ltr'>indignationisque</span> <span class='ocrx_word' id='word_1_51' title='bbox 1474 604 1670 653; x_wconf 87' lang='lat' dir='ltr'>divinae</span> <span class='ocrx_word' id='word_1_52' title='bbox 1684 604 1769 652; x_wconf 91' lang='lat' dir='ltr'>im-</span> 
     </span>
     <span class='ocr_line' id='line_1_8' title="bbox 266 689 1771 756; baseline -0.002 -16"><span class='ocrx_word' id='word_1_53' title='bbox 266 689 512 756; x_wconf 88' lang='lat' dir='ltr'>pleverint</span> <span class='ocrx_word' id='word_1_54' title='bbox 536 689 742 739; x_wconf 87' lang='lat' dir='ltr'>nefariis</span> <span class='ocrx_word' id='word_1_55' title='bbox 770 689 929 749; x_wconf 86' lang='lat' dir='ltr'>factis,</span> <span class='ocrx_word' id='word_1_56' title='bbox 982 689 1375 755; x_wconf 89' lang='lat' dir='ltr'>detestandaque</span> <span class='ocrx_word' id='word_1_57' title='bbox 1410 690 1629 755; x_wconf 91' lang='lat' dir='ltr'>ipsorum</span> <span class='ocrx_word' id='word_1_58' title='bbox 1655 689 1771 738; x_wconf 89' lang='lat' dir='ltr'>vita.</span> 
     </span>
     <span class='ocr_line' id='line_1_9' title="bbox 266 763 1771 838; baseline -0.002 -15"><span class='ocrx_word' id='word_1_59' title='bbox 266 773 521 824; x_wconf 85' lang='lat' dir='ltr'>Addamus</span> <span class='ocrx_word' id='word_1_60' title='bbox 547 773 643 823; x_wconf 89' lang='lat' dir='ltr'>huc</span> <span class='ocrx_word' id='word_1_61' title='bbox 667 763 942 838; x_wconf 74' lang='lat' dir='ltr'>temporum</span> <span class='ocrx_word' id='word_1_62' title='bbox 979 772 1197 833; x_wconf 89' lang='lat' dir='ltr'>istorum,</span> <span class='ocrx_word' id='word_1_63' title='bbox 1237 774 1287 822; x_wconf 93' lang='lat' dir='ltr'>in</span> <span class='ocrx_word' id='word_1_64' title='bbox 1314 789 1441 838; x_wconf 89' lang='lat' dir='ltr'>quae</span> <span class='ocrx_word' id='word_1_65' title='bbox 1468 773 1630 823; x_wconf 91' lang='lat' dir='ltr'>omnia</span> <span class='ocrx_word' id='word_1_66' title='bbox 1654 772 1771 821; x_wconf 91' lang='lat' dir='ltr'>inci-</span> 
     </span>
     <span class='ocr_line' id='line_1_10' title="bbox 265 858 1769 925; baseline -0.001 -15"><span class='ocrx_word' id='word_1_67' title='bbox 265 860 437 922; x_wconf 93' lang='lat' dir='ltr'>dimus,</span> <span class='ocrx_word' id='word_1_68' title='bbox 464 858 804 919; x_wconf 88' lang='lat' dir='ltr'>conditionem,</span> <span class='ocrx_word' id='word_1_69' title='bbox 832 874 1092 923; x_wconf 85' lang='lat' dir='ltr'>rerumque</span> <span class='ocrx_word' id='word_1_70' title='bbox 1120 859 1417 921; x_wconf 89' lang='lat' dir='ltr'>discrimina,</span> <span class='ocrx_word' id='word_1_71' title='bbox 1458 864 1507 909; x_wconf 90' lang='lat' dir='ltr'>et</span> <span class='ocrx_word' id='word_1_72' title='bbox 1532 875 1769 925; x_wconf 88' lang='lat' dir='ltr'>persona-</span> 
     </span>
    </p>
   </div>
   <div class='ocr_carea' id='block_1_4' title="bbox 197 935 1762 1010">
    <p class='ocr_par' dir='ltr' id='par_1_4' title="bbox 197 935 1762 1010">
     <span class='ocr_line' id='line_1_11' title="bbox 197 935 1762 1010; baseline -0.001 -15"><span class='ocrx_word' id='word_1_73' title='bbox 197 935 199 937; x_wconf 51' lang='grc'><strong>’</strong></span> <span class='ocrx_word' id='word_1_74' title='bbox 262 960 382 1007; x_wconf 89' lang='grc'><strong>111111,</strong></span> <span class='ocrx_word' id='word_1_75' title='bbox 410 959 536 1009; x_wconf 89' lang='lat' dir='ltr'>quae</span> <span class='ocrx_word' id='word_1_76' title='bbox 561 944 725 1006; x_wconf 90' lang='lat' dir='ltr'>facile,</span> <span class='ocrx_word' id='word_1_77' title='bbox 744 948 977 1010; x_wconf 90' lang='lat' dir='ltr'>quantum</span> <span class='ocrx_word' id='word_1_78' title='bbox 997 943 1058 992; x_wconf 90' lang='lat' dir='ltr'>iis</span> <span class='ocrx_word' id='word_1_79' title='bbox 1085 944 1233 994; x_wconf 90' lang='lat' dir='ltr'>etiam</span> <span class='ocrx_word' id='word_1_80' title='bbox 1258 944 1525 995; x_wconf 87' lang='lat' dir='ltr'>debeamus</span> <span class='ocrx_word' id='word_1_81' title='bbox 1539 943 1762 995; x_wconf 89' lang='lat' dir='ltr'>tribuere</span> 
     </span>
    </p>
   </div>
   <div class='ocr_carea' id='block_1_5' title="bbox 250 1029 1814 3041">
    <p class='ocr_par' dir='ltr' id='par_1_5' title="bbox 250 1029 1814 3041">
     <span class='ocr_line' id='line_1_12' title="bbox 262 1029 1767 1094; baseline -0.001 -15"><span class='ocrx_word' id='word_1_82' title='bbox 262 1029 406 1080; x_wconf 90' lang='lat' dir='ltr'>nobis</span> <span class='ocrx_word' id='word_1_83' title='bbox 432 1030 763 1080; x_wconf 89' lang='lat' dir='ltr'>declarabunt.</span> <span class='ocrx_word' id='word_1_84' title='bbox 792 1030 920 1078; x_wconf 86' lang='lat' dir='ltr'>Tum</span> <span class='ocrx_word' id='word_1_85' title='bbox 957 1029 1107 1094; x_wconf 90' lang='lat' dir='ltr'>plena</span> <span class='ocrx_word' id='word_1_86' title='bbox 1146 1034 1253 1079; x_wconf 90' lang='lat' dir='ltr'>erat</span> <span class='ocrx_word' id='word_1_87' title='bbox 1279 1029 1482 1094; x_wconf 88' lang='lat' dir='ltr'>Europa</span> <span class='ocrx_word' id='word_1_88' title='bbox 1519 1029 1767 1079; x_wconf 82' lang='lat' dir='ltr'>intestinis</span> 
     </span>
     <span class='ocr_line' id='line_1_13' title="bbox 261 1111 1766 1180; baseline 0 -16"><span class='ocrx_word' id='word_1_89' title='bbox 261 1113 425 1176; x_wconf 89' lang='lat' dir='ltr'>bellis,</span> <span class='ocrx_word' id='word_1_90' title='bbox 451 1119 500 1164; x_wconf 94' lang='grc'>61</span> <span class='ocrx_word' id='word_1_91' title='bbox 524 1114 821 1180; x_wconf 90' lang='lat' dir='ltr'>praesertim</span> <span class='ocrx_word' id='word_1_92' title='bbox 850 1111 1131 1163; x_wconf 76' lang='lat' dir='ltr'>Germania</span> <span class='ocrx_word' id='word_1_93' title='bbox 1147 1114 1270 1179; x_wconf 85' lang='lat' dir='ltr'>ipsa.</span> <span class='ocrx_word' id='word_1_94' title='bbox 1299 1114 1426 1164; x_wconf 91' lang='lat' dir='ltr'>unde</span> <span class='ocrx_word' id='word_1_95' title='bbox 1453 1114 1642 1164; x_wconf 88' lang='lat' dir='ltr'>auxilia</span> <span class='ocrx_word' id='word_1_96' title='bbox 1657 1130 1766 1180; x_wconf 91' lang='lat' dir='ltr'>spe-</span> 
     </span>
     <span class='ocr_line' id='line_1_14' title="bbox 261 1198 1766 1264; baseline 0.001 -16"><span class='ocrx_word' id='word_1_97' title='bbox 261 1199 364 1249; x_wconf 89' lang='lat' dir='ltr'>rari</span> <span class='ocrx_word' id='word_1_98' title='bbox 386 1202 631 1264; x_wconf 89' lang='lat' dir='ltr'>poterant,</span> <span class='ocrx_word' id='word_1_99' title='bbox 665 1203 714 1248; x_wconf 90' lang='lat' dir='ltr'>et</span> <span class='ocrx_word' id='word_1_100' title='bbox 739 1199 988 1262; x_wconf 84' lang='lat' dir='ltr'>Vngaria,</span> <span class='ocrx_word' id='word_1_101' title='bbox 1017 1198 1076 1247; x_wconf 92' lang='lat' dir='ltr'>de</span> <span class='ocrx_word' id='word_1_102' title='bbox 1104 1214 1201 1262; x_wconf 90' lang='lat' dir='ltr'>qua</span> <span class='ocrx_word' id='word_1_103' title='bbox 1227 1198 1321 1247; x_wconf 93' lang='lat' dir='ltr'>duo</span> <span class='ocrx_word' id='word_1_104' title='bbox 1348 1198 1421 1247; x_wconf 91' lang='lat' dir='ltr'>illi</span> <span class='ocrx_word' id='word_1_105' title='bbox 1447 1198 1631 1263; x_wconf 89' lang='lat' dir='ltr'>Reges,</span> <span class='ocrx_word' id='word_1_106' title='bbox 1646 1199 1766 1249; x_wconf 89' lang='lat' dir='ltr'>Fer-</span> 
     </span>
     <span class='ocr_line' id='line_1_15' title="bbox 267 1283 1765 1348; baseline -0.001 -14"><span class='ocrx_word' id='word_1_107' title='bbox 267 1283 510 1334; x_wconf 86' lang='lat' dir='ltr'>dinandus</span> <span class='ocrx_word' id='word_1_108' title='bbox 537 1289 587 1333; x_wconf 90' lang='grc'>61</span> <span class='ocrx_word' id='word_1_109' title='bbox 621 1285 848 1344; x_wconf 74' lang='lat' dir='ltr'>IoanneS,</span> <span class='ocrx_word' id='word_1_110' title='bbox 877 1283 1129 1333; x_wconf 84' lang='lat' dir='ltr'>distractis</span> <span class='ocrx_word' id='word_1_111' title='bbox 1155 1283 1426 1335; x_wconf 81' lang='lat' dir='ltr'>bellicosae</span> <span class='ocrx_word' id='word_1_112' title='bbox 1461 1284 1625 1348; x_wconf 89' lang='lat' dir='ltr'>gentis</span> <span class='ocrx_word' id='word_1_113' title='bbox 1652 1284 1765 1333; x_wconf 89' lang='lat' dir='ltr'>viri-</span> 
     </span>
     <span class='ocr_line' id='line_1_16' title="bbox 262 1367 1765 1432; baseline -0.001 -14"><span class='ocrx_word' id='word_1_114' title='bbox 262 1370 355 1419; x_wconf 90' lang='lat' dir='ltr'>bus</span> <span class='ocrx_word' id='word_1_115' title='bbox 379 1368 508 1418; x_wconf 88' lang='lat' dir='ltr'>inter</span> <span class='ocrx_word' id='word_1_116' title='bbox 533 1383 589 1418; x_wconf 90' lang='lat' dir='ltr'>se</span> <span class='ocrx_word' id='word_1_117' title='bbox 615 1367 960 1432; x_wconf 85' lang='lat' dir='ltr'>digladiantes,</span> <span class='ocrx_word' id='word_1_118' title='bbox 987 1383 1085 1417; x_wconf 93' lang='lat' dir='ltr'>non</span> <span class='ocrx_word' id='word_1_119' title='bbox 1101 1367 1348 1418; x_wconf 85' lang='lat' dir='ltr'>difficilem</span> <span class='ocrx_word' id='word_1_120' title='bbox 1361 1368 1493 1418; x_wconf 88' lang='lat' dir='ltr'>hosti</span> <span class='ocrx_word' id='word_1_121' title='bbox 1509 1368 1765 1418; x_wconf 88' lang='lat' dir='ltr'>victoriam</span> 
     </span>
     <span class='ocr_line' id='line_1_17' title="bbox 262 1452 1814 1516; baseline 0 -14"><span class='ocrx_word' id='word_1_122' title='bbox 262 1453 610 1504; x_wconf 87' lang='lat' dir='ltr'>concedebant.</span> <span class='ocrx_word' id='word_1_123' title='bbox 660 1453 737 1503; x_wconf 88' lang='lat' dir='ltr'>Ea</span> <span class='ocrx_word' id='word_1_124' title='bbox 775 1468 893 1501; x_wconf 80' lang='lat' dir='ltr'>voro</span> <span class='ocrx_word' id='word_1_125' title='bbox 933 1452 993 1501; x_wconf 92' lang='lat' dir='ltr'>de</span> <span class='ocrx_word' id='word_1_126' title='bbox 1031 1468 1185 1516; x_wconf 90' lang='lat' dir='ltr'>regno</span> <span class='ocrx_word' id='word_1_127' title='bbox 1212 1453 1515 1503; x_wconf 86' lang='lat' dir='ltr'>concertatio</span> <span class='ocrx_word' id='word_1_128' title='bbox 1542 1453 1606 1502; x_wconf 89' lang='lat' dir='ltr'>ad</span> <span class='ocrx_word' id='word_1_129' title='bbox 1631 1453 1764 1503; x_wconf 91' lang='lat' dir='ltr'>vitae</span> <span class='ocrx_word' id='word_1_130' title='bbox 1811 1483 1814 1486; x_wconf 21' lang='grc' dir='ltr'><strong>Δ</strong></span> 
     </span>
     <span class='ocr_line' id='line_1_18' title="bbox 261 1537 1761 1605; baseline -0.003 -15"><span class='ocrx_word' id='word_1_131' title='bbox 261 1553 416 1605; x_wconf 88' lang='lat' dir='ltr'>usque</span> <span class='ocrx_word' id='word_1_132' title='bbox 442 1538 624 1588; x_wconf 85' lang='lat' dir='ltr'>exitum</span> <span class='ocrx_word' id='word_1_133' title='bbox 650 1537 738 1586; x_wconf 90' lang='lat' dir='ltr'>filii</span> <span class='ocrx_word' id='word_1_134' title='bbox 773 1537 972 1586; x_wconf 90' lang='lat' dir='ltr'>Ioannis</span> <span class='ocrx_word' id='word_1_135' title='bbox 1007 1537 1180 1601; x_wconf 87' lang='lat' dir='ltr'>Regis,</span> <span class='ocrx_word' id='word_1_136' title='bbox 1219 1538 1301 1602; x_wconf 91' lang='lat' dir='ltr'>qui</span> <span class='ocrx_word' id='word_1_137' title='bbox 1342 1537 1761 1603; x_wconf 88' lang='lat' dir='ltr'>Transylvaniam</span> 
     </span>
     <span class='ocr_line' id='line_1_19' title="bbox 260 1620 1761 1687; baseline -0.002 -14"><span class='ocrx_word' id='word_1_138' title='bbox 260 1622 428 1684; x_wconf 84' lang='lat' dir='ltr'>tenuit,</span> <span class='ocrx_word' id='word_1_139' title='bbox 453 1637 633 1687; x_wconf 88' lang='lat' dir='ltr'>magno</span> <span class='ocrx_word' id='word_1_140' title='bbox 662 1637 770 1671; x_wconf 91' lang='lat' dir='ltr'>cum</span> <span class='ocrx_word' id='word_1_141' title='bbox 796 1622 1100 1686; x_wconf 87' lang='lat' dir='ltr'>reipublicae</span> <span class='ocrx_word' id='word_1_142' title='bbox 1127 1620 1443 1672; x_wconf 82' lang='lat' dir='ltr'>Christianae</span> <span class='ocrx_word' id='word_1_143' title='bbox 1471 1622 1761 1672; x_wconf 90' lang='lat' dir='ltr'>detrimento</span> 
     </span>
     <span class='ocr_line' id='line_1_20' title="bbox 260 1705 1759 1772; baseline -0.001 -15"><span class='ocrx_word' id='word_1_144' title='bbox 260 1707 469 1758; x_wconf 85' lang='lat' dir='ltr'>duravit.</span> <span class='ocrx_word' id='word_1_145' title='bbox 497 1705 626 1767; x_wconf 83' lang='lat' dir='ltr'>Quid</span> <span class='ocrx_word' id='word_1_146' title='bbox 650 1706 748 1755; x_wconf 91' lang='lat' dir='ltr'>iam</span> <span class='ocrx_word' id='word_1_147' title='bbox 774 1711 1015 1770; x_wconf 78' lang='lat' dir='ltr'>putamUS,</span> <span class='ocrx_word' id='word_1_148' title='bbox 1031 1722 1094 1755; x_wconf 90' lang='lat' dir='ltr'>an</span> <span class='ocrx_word' id='word_1_149' title='bbox 1118 1721 1215 1755; x_wconf 90' lang='lat' dir='ltr'>non</span> <span class='ocrx_word' id='word_1_150' title='bbox 1248 1706 1345 1771; x_wconf 93' lang='lat' dir='ltr'>ipsi</span> <span class='ocrx_word' id='word_1_151' title='bbox 1370 1712 1472 1757; x_wconf 89' lang='lat' dir='ltr'>tum</span> <span class='ocrx_word' id='word_1_152' title='bbox 1500 1705 1759 1772; x_wconf 85' lang='lat' dir='ltr'>Solyman-</span> 
     </span>
     <span class='ocr_line' id='line_1_21' title="bbox 259 1791 1760 1857; baseline -0.001 -14"><span class='ocrx_word' id='word_1_153' title='bbox 259 1807 372 1843; x_wconf 90' lang='lat' dir='ltr'>num</span> <span class='ocrx_word' id='word_1_154' title='bbox 398 1792 674 1857; x_wconf 90' lang='lat' dir='ltr'>recepimus</span> <span class='ocrx_word' id='word_1_155' title='bbox 700 1791 751 1840; x_wconf 91' lang='lat' dir='ltr'>in</span> <span class='ocrx_word' id='word_1_156' title='bbox 777 1791 1066 1854; x_wconf 86' lang='lat' dir='ltr'>Vngariam,</span> <span class='ocrx_word' id='word_1_157' title='bbox 1094 1807 1200 1841; x_wconf 88' lang='lat' dir='ltr'>cum</span> <span class='ocrx_word' id='word_1_158' title='bbox 1232 1796 1418 1841; x_wconf 89' lang='lat' dir='ltr'>tantum</span> <span class='ocrx_word' id='word_1_159' title='bbox 1456 1792 1501 1841; x_wconf 93' lang='lat' dir='ltr'>ei</span> <span class='ocrx_word' id='word_1_160' title='bbox 1528 1792 1760 1843; x_wconf 85' lang='lat' dir='ltr'>invaden-</span> 
     </span>
     <span class='ocr_line' id='line_1_22' title="bbox 258 1875 1759 1941; baseline -0.001 -15"><span class='ocrx_word' id='word_1_161' title='bbox 258 1877 351 1928; x_wconf 86' lang='lat' dir='ltr'>dae</span> <span class='ocrx_word' id='word_1_162' title='bbox 377 1875 687 1927; x_wconf 88' lang='lat' dir='ltr'>occasionem</span> <span class='ocrx_word' id='word_1_163' title='bbox 725 1875 858 1926; x_wconf 91' lang='lat' dir='ltr'>illius</span> <span class='ocrx_word' id='word_1_164' title='bbox 895 1875 1238 1941; x_wconf 87' lang='lat' dir='ltr'>praebuimus,</span> <span class='ocrx_word' id='word_1_165' title='bbox 1290 1892 1387 1926; x_wconf 90' lang='lat' dir='ltr'>non</span> <span class='ocrx_word' id='word_1_166' title='bbox 1426 1891 1570 1926; x_wconf 88' lang='lat' dir='ltr'>secus</span> <span class='ocrx_word' id='word_1_167' title='bbox 1613 1879 1759 1940; x_wconf 86' lang='lat' dir='ltr'>atque</span> 
     </span>
     <span class='ocr_line' id='line_1_23' title="bbox 258 1959 1760 2027; baseline -0.001 -14"><span class='ocrx_word' id='word_1_168' title='bbox 258 1960 444 2013; x_wconf 80' lang='lat' dir='ltr'>Graeci</span> <span class='ocrx_word' id='word_1_169' title='bbox 466 1961 540 2011; x_wconf 91' lang='lat' dir='ltr'>illi</span> <span class='ocrx_word' id='word_1_170' title='bbox 565 1960 836 2026; x_wconf 88' lang='lat' dir='ltr'>occupandi</span> <span class='ocrx_word' id='word_1_171' title='bbox 861 1960 1065 2010; x_wconf 90' lang='lat' dir='ltr'>orientis</span> <span class='ocrx_word' id='word_1_172' title='bbox 1091 1961 1284 2026; x_wconf 91' lang='lat' dir='ltr'>imperii</span> <span class='ocrx_word' id='word_1_173' title='bbox 1299 1959 1561 2011; x_wconf 89' lang='lat' dir='ltr'>Amurathi</span> <span class='ocrx_word' id='word_1_174' title='bbox 1582 1962 1760 2027; x_wconf 87' lang='lat' dir='ltr'>primo·</span> 
     </span>
     <span class='ocr_line' id='line_1_24' title="bbox 255 2045 1759 2112; baseline -0.001 -15"><span class='ocrx_word' id='word_1_175' title='bbox 255 2063 350 2112; x_wconf 93' lang='lat' dir='ltr'>quo</span> <span class='ocrx_word' id='word_1_176' title='bbox 376 2062 504 2097; x_wconf 91' lang='lat' dir='ltr'>nunc</span> <span class='ocrx_word' id='word_1_177' title='bbox 530 2060 725 2110; x_wconf 92' lang='lat' dir='ltr'>quoque</span> <span class='ocrx_word' id='word_1_178' title='bbox 752 2045 942 2110; x_wconf 89' lang='lat' dir='ltr'>posteri</span> <span class='ocrx_word' id='word_1_179' title='bbox 969 2045 1074 2095; x_wconf 91' lang='lat' dir='ltr'>eius</span> <span class='ocrx_word' id='word_1_180' title='bbox 1101 2045 1365 2110; x_wconf 90' lang='lat' dir='ltr'>potiuntur.</span> <span class='ocrx_word' id='word_1_181' title='bbox 1392 2045 1538 2095; x_wconf 89' lang='lat' dir='ltr'>Nunc</span> <span class='ocrx_word' id='word_1_182' title='bbox 1563 2047 1662 2096; x_wconf 92' lang='lat' dir='ltr'>Dei</span> <span class='ocrx_word' id='word_1_183' title='bbox 1677 2047 1759 2096; x_wconf 93' lang='lat' dir='ltr'>be-</span> 
     </span>
     <span class='ocr_line' id='line_1_25' title="bbox 254 2127 1755 2193; baseline -0.001 -11"><span class='ocrx_word' id='word_1_184' title='bbox 254 2131 441 2193; x_wconf 88' lang='lat' dir='ltr'>nefici0,</span> <span class='ocrx_word' id='word_1_185' title='bbox 487 2130 583 2180; x_wconf 88' lang='lat' dir='ltr'>etsi</span> <span class='ocrx_word' id='word_1_186' title='bbox 609 2129 659 2178; x_wconf 91' lang='lat' dir='ltr'>in</span> <span class='ocrx_word' id='word_1_187' title='bbox 685 2129 1031 2179; x_wconf 91' lang='lat' dir='ltr'>remotioribus</span> <span class='ocrx_word' id='word_1_188' title='bbox 1071 2146 1100 2178; x_wconf 89' lang='lat' dir='ltr'>a</span> <span class='ocrx_word' id='word_1_189' title='bbox 1136 2130 1279 2179; x_wconf 89' lang='lat' dir='ltr'>nobis</span> <span class='ocrx_word' id='word_1_190' title='bbox 1308 2127 1626 2179; x_wconf 85' lang='lat' dir='ltr'>Christianae</span> <span class='ocrx_word' id='word_1_191' title='bbox 1664 2132 1755 2180; x_wconf 92' lang='lat' dir='ltr'>rei-</span> 
     </span>
     <span class='ocr_line' id='line_1_26' title="bbox 251 2213 1762 2282; baseline -0.002 -15"><span class='ocrx_word' id='word_1_192' title='bbox 251 2215 480 2282; x_wconf 86' lang='lat' dir='ltr'>publicae</span> <span class='ocrx_word' id='word_1_193' title='bbox 504 2213 745 2280; x_wconf 87' lang='lat' dir='ltr'>partibus,</span> <span class='ocrx_word' id='word_1_194' title='bbox 786 2229 882 2262; x_wconf 91' lang='lat' dir='ltr'>non</span> <span class='ocrx_word' id='word_1_195' title='bbox 908 2215 1056 2278; x_wconf 90' lang='lat' dir='ltr'>plane</span> <span class='ocrx_word' id='word_1_196' title='bbox 1083 2229 1306 2263; x_wconf 88' lang='lat' dir='ltr'>caremus</span> <span class='ocrx_word' id='word_1_197' title='bbox 1336 2213 1563 2264; x_wconf 88' lang='lat' dir='ltr'>civilibus</span> <span class='ocrx_word' id='word_1_198' title='bbox 1590 2215 1762 2274; x_wconf 78' lang='lat' dir='ltr'>turbiS,</span> 
     </span>
     <span class='ocr_line' id='line_1_27' title="bbox 250 2299 1759 2365; baseline -0.002 -13"><span class='ocrx_word' id='word_1_199' title='bbox 250 2302 301 2352; x_wconf 89' lang='lat' dir='ltr'>in</span> <span class='ocrx_word' id='word_1_200' title='bbox 323 2302 403 2351; x_wconf 91' lang='lat' dir='ltr'>his</span> <span class='ocrx_word' id='word_1_201' title='bbox 430 2306 596 2351; x_wconf 87' lang='lat' dir='ltr'>tamen</span> <span class='ocrx_word' id='word_1_202' title='bbox 637 2300 981 2365; x_wconf 76' lang='lat' dir='ltr'>propioribUS,</span> <span class='ocrx_word' id='word_1_203' title='bbox 1033 2299 1209 2363; x_wconf 90' lang='lat' dir='ltr'>quibus</span> <span class='ocrx_word' id='word_1_204' title='bbox 1243 2299 1389 2350; x_wconf 91' lang='lat' dir='ltr'>hodie</span> <span class='ocrx_word' id='word_1_205' title='bbox 1427 2300 1623 2349; x_wconf 87' lang='lat' dir='ltr'>Turcae</span> <span class='ocrx_word' id='word_1_206' title='bbox 1665 2301 1759 2349; x_wconf 90' lang='lat' dir='ltr'>vim</span> 
     </span>
     <span class='ocr_line' id='line_1_28' title="bbox 250 2382 1753 2448; baseline -0.003 -12"><span class='ocrx_word' id='word_1_207' title='bbox 250 2386 508 2446; x_wconf 88' lang='lat' dir='ltr'>minantur,</span> <span class='ocrx_word' id='word_1_208' title='bbox 537 2382 822 2446; x_wconf 78' lang='lat' dir='ltr'>Germania,</span> <span class='ocrx_word' id='word_1_209' title='bbox 849 2384 1011 2445; x_wconf 89' lang='lat' dir='ltr'>Italia,</span> <span class='ocrx_word' id='word_1_210' title='bbox 1040 2384 1281 2448; x_wconf 89' lang='lat' dir='ltr'>Vngaria,</span> <span class='ocrx_word' id='word_1_211' title='bbox 1309 2383 1529 2446; x_wconf 88' lang='lat' dir='ltr'>Polonia,</span> <span class='ocrx_word' id='word_1_212' title='bbox 1567 2389 1753 2434; x_wconf 88' lang='lat' dir='ltr'>tantam</span> 
     </span>
     <span class='ocr_line' id='line_1_29' title="bbox 251 2469 1755 2535; baseline -0.001 -16"><span class='ocrx_word' id='word_1_213' title='bbox 251 2470 379 2520; x_wconf 89' lang='lat' dir='ltr'>inter</span> <span class='ocrx_word' id='word_1_214' title='bbox 403 2469 675 2535; x_wconf 87' lang='lat' dir='ltr'>Principes,</span> <span class='ocrx_word' id='word_1_215' title='bbox 702 2470 1012 2535; x_wconf 91' lang='lat' dir='ltr'>populosque</span> <span class='ocrx_word' id='word_1_216' title='bbox 1038 2485 1204 2519; x_wconf 90' lang='lat' dir='ltr'>earum</span> <span class='ocrx_word' id='word_1_217' title='bbox 1222 2470 1491 2534; x_wconf 76' lang='lat' dir='ltr'>regionum,</span> <span class='ocrx_word' id='word_1_218' title='bbox 1518 2470 1679 2520; x_wconf 90' lang='lat' dir='ltr'>studio</span> <span class='ocrx_word' id='word_1_219' title='bbox 1707 2475 1755 2519; x_wconf 88' lang='lat' dir='ltr'>et</span> 
     </span>
     <span class='ocr_line' id='line_1_30' title="bbox 256 2553 1745 2619; baseline -0.001 -16"><span class='ocrx_word' id='word_1_220' title='bbox 256 2569 408 2619; x_wconf 87' lang='lat' dir='ltr'>opera</span> <span class='ocrx_word' id='word_1_221' title='bbox 433 2553 704 2604; x_wconf 83' lang='lat' dir='ltr'>Glementis</span> <span class='ocrx_word' id='word_1_222' title='bbox 717 2553 899 2604; x_wconf 87' lang='lat' dir='ltr'>Octavi</span> <span class='ocrx_word' id='word_1_223' title='bbox 926 2553 1178 2603; x_wconf 89' lang='lat' dir='ltr'>Pontificis</span> <span class='ocrx_word' id='word_1_224' title='bbox 1189 2554 1406 2614; x_wconf 82' lang='lat' dir='ltr'>Maximi,</span> <span class='ocrx_word' id='word_1_225' title='bbox 1435 2560 1483 2604; x_wconf 89' lang='lat' dir='ltr'>et</span> <span class='ocrx_word' id='word_1_226' title='bbox 1497 2554 1745 2619; x_wconf 89' lang='lat' dir='ltr'>Rudolphi</span> 
     </span>
     <span class='ocr_line' id='line_1_31' title="bbox 253 2638 1750 2703; baseline -0.001 -16"><span class='ocrx_word' id='word_1_227' title='bbox 253 2638 587 2703; x_wconf 88' lang='lat' dir='ltr'>Imperatoris,</span> <span class='ocrx_word' id='word_1_228' title='bbox 614 2638 789 2702; x_wconf 90' lang='lat' dir='ltr'>quibus</span> <span class='ocrx_word' id='word_1_229' title='bbox 815 2639 942 2688; x_wconf 91' lang='lat' dir='ltr'>hanc</span> <span class='ocrx_word' id='word_1_230' title='bbox 966 2638 1072 2687; x_wconf 89' lang='lat' dir='ltr'>fata</span> <span class='ocrx_word' id='word_1_231' title='bbox 1110 2638 1320 2701; x_wconf 85' lang='lat' dir='ltr'>gloriam</span> <span class='ocrx_word' id='word_1_232' title='bbox 1357 2653 1647 2687; x_wconf 80' lang='lat' dir='ltr'>reservasse</span> <span class='ocrx_word' id='word_1_233' title='bbox 1680 2638 1750 2686; x_wconf 90' lang='lat' dir='ltr'>vi-</span> 
     </span>
     <span class='ocr_line' id='line_1_32' title="bbox 255 2721 1751 2783; baseline 0.001 -13"><span class='ocrx_word' id='word_1_234' title='bbox 255 2721 442 2783; x_wconf 89' lang='lat' dir='ltr'>dentur,</span> <span class='ocrx_word' id='word_1_235' title='bbox 469 2722 776 2773; x_wconf 89' lang='lat' dir='ltr'>concordiam</span> <span class='ocrx_word' id='word_1_236' title='bbox 805 2738 919 2773; x_wconf 90' lang='lat' dir='ltr'>esse</span> <span class='ocrx_word' id='word_1_237' title='bbox 946 2723 1264 2772; x_wconf 89' lang='lat' dir='ltr'>constitutam</span> <span class='ocrx_word' id='word_1_238' title='bbox 1302 2723 1539 2782; x_wconf 75' lang='lat' dir='ltr'>audimuS,</span> <span class='ocrx_word' id='word_1_239' title='bbox 1565 2728 1617 2771; x_wconf 90' lang='lat' dir='ltr'>ut</span> <span class='ocrx_word' id='word_1_240' title='bbox 1649 2738 1751 2772; x_wconf 91' lang='grc'><strong>661-</strong></span> 
     </span>
     <span class='ocr_line' id='line_1_33' title="bbox 251 2806 1751 2871; baseline 0.001 -16"><span class='ocrx_word' id='word_1_241' title='bbox 251 2806 389 2856; x_wconf 89' lang='lat' dir='ltr'>tatim</span> <span class='ocrx_word' id='word_1_242' title='bbox 416 2822 583 2857; x_wconf 90' lang='lat' dir='ltr'>omnes</span> <span class='ocrx_word' id='word_1_243' title='bbox 610 2807 672 2856; x_wconf 90' lang='lat' dir='ltr'>ad</span> <span class='ocrx_word' id='word_1_244' title='bbox 696 2809 1026 2858; x_wconf 88' lang='lat' dir='ltr'>necessarium</span> <span class='ocrx_word' id='word_1_245' title='bbox 1055 2809 1148 2858; x_wconf 91' lang='lat' dir='ltr'>hoc</span> <span class='ocrx_word' id='word_1_246' title='bbox 1188 2809 1369 2858; x_wconf 91' lang='lat' dir='ltr'>bellum</span> <span class='ocrx_word' id='word_1_247' title='bbox 1407 2813 1655 2871; x_wconf 87' lang='lat' dir='ltr'>tamquam</span> <span class='ocrx_word' id='word_1_248' title='bbox 1689 2807 1751 2856; x_wconf 91' lang='lat' dir='ltr'>ad</span> 
     </span>
     <span class='ocr_line' id='line_1_34' title="bbox 254 2891 1750 2955; baseline 0.001 -16"><span class='ocrx_word' id='word_1_249' title='bbox 254 2906 503 2940; x_wconf 90' lang='lat' dir='ltr'>commune</span> <span class='ocrx_word' id='word_1_250' title='bbox 517 2891 717 2955; x_wconf 89' lang='lat' dir='ltr'>aliquod</span> <span class='ocrx_word' id='word_1_251' title='bbox 742 2892 878 2942; x_wconf 90' lang='lat' dir='ltr'>orbis</span> <span class='ocrx_word' id='word_1_252' title='bbox 892 2898 1136 2942; x_wconf 90' lang='lat' dir='ltr'>terrarum</span> <span class='ocrx_word' id='word_1_253' title='bbox 1160 2893 1432 2942; x_wconf 88' lang='lat' dir='ltr'>incendium</span> <span class='ocrx_word' id='word_1_254' title='bbox 1447 2891 1750 2955; x_wconf 88' lang='lat' dir='ltr'>restinguen—</span> 
     </span>
     <span class='ocr_line' id='line_1_35' title="bbox 254 2966 1751 3041; baseline 0.003 -18"><span class='ocrx_word' id='word_1_255' title='bbox 254 2975 363 3024; x_wconf 93' lang='lat' dir='ltr'>dum</span> <span class='ocrx_word' id='word_1_256' title='bbox 404 2989 660 3024; x_wconf 87' lang='lat' dir='ltr'>accurrere</span> <span class='ocrx_word' id='word_1_257' title='bbox 703 2966 977 3026; x_wconf 78' lang='lat' dir='ltr'>credantur.</span> <span class='ocrx_word' id='word_1_258' title='bbox 1031 2977 1138 3027; x_wconf 90' lang='lat' dir='ltr'>Nec</span> <span class='ocrx_word' id='word_1_259' title='bbox 1166 2982 1267 3039; x_wconf 88' lang='lat' dir='ltr'>est,</span> <span class='ocrx_word' id='word_1_260' title='bbox 1320 2976 1401 3041; x_wconf 90' lang='lat' dir='ltr'>qui</span> <span class='ocrx_word' id='word_1_261' title='bbox 1439 2992 1565 3027; x_wconf 90' lang='lat' dir='ltr'>nunc</span> <span class='ocrx_word' id='word_1_262' title='bbox 1602 2974 1751 3027; x_wconf 88' lang='lat' dir='ltr'>hosce</span> 
     </span>
    </p>
   </div>
  </div>
 </body>
</html>
