2112 3288
614 181 676 212 ΒΕ
706 180 810 212 nnn.
840 180 950 213 VNG.
980 180 1089 215 mic.
1116 182 1163 214 x.
1191 181 1234 212 L.
1274 181 1319 214 x.
1525 202 1533 206 -
1629 167 1728 221 247

235 280 415 351 bellum
451 296 696 346 nobilitati
735 297 961 358 inferant,
1002 310 1147 360 quam
1174 295 1527 346 excruciandos
1567 311 1621 346 se
1659 277 1747 356 eis*

236 382 316 439 „adj
343 386 567 441 extrema
605 395 828 445 quaeque
869 380 1113 446 supplicia
1164 378 1358 428 dedant.
1421 380 1498 428 Ita
1535 379 1730 444 publico

231 449 670 528 eontra'Principis
698 480 756 514 ao
786 464 938 514 totius
964 463 1125 526 Regni
1151 462 1350 512 decreta
1373 461 1541 526 palam
1567 463 1726 512 edicto

231 549 508 616 prohibent,
548 555 597 600 et
633 550 684 598 in
720 548 1135 614 frequentioribus
1175 562 1371 596 suorum
1411 551 1733 597 conventuum

228 627 428 701 oppidis
453 634 659 685 authore
684 634 828 684 huius
855 632 1049 683 consilii
1074 633 1124 682 in
1151 632 1268 682 sede
1297 631 1604 685 Marosiensi‚
1632 630 1726 681 An-

232 719 354 770 drea
392 717 593 770 Carolio
635 718 934 784 proclamari
975 718 1168 778 iubent,
1220 733 1282 765 ne
1322 716 1431 781 quis
1458 714 1732 767 Siculorum

231 805 467 870 pristinos
506 803 727 855 dominos
765 818 1039 868 agnoscere
1065 802 1210 862 ausit,
1250 801 1300 853 id
1338 801 1382 851 si
1412 785 1530 865 ‘quis
1568 802 1732 852 facere

229 889 631 956 praesumpserit,
659 904 771 937 eum
803 888 1026 952 quisquis
1068 887 1132 936 sit
1170 887 1375 940 futurus,
1413 886 1585 936 mortis
1623 889 1730 937 fore

228 991 378 1036 reum,
416 973 766 1024 circummissis
792 973 1120 1038 praeconibus
1160 971 1498 1035 pronunciant,
1536 970 1732 1021 adiecta

229 1059 454 1122 etiamin
477 1058 712 1108 maiorem
737 1062 991 1122 terrorem,
1031 1055 1260 1122 supplicii
1297 1056 1471 1118 forma,
1512 1057 1633 1118 fore,
1671 1061 1724 1106 ut

229 1145 313 1210 qui
339 1143 671 1203 contraierint,
697 1143 897 1192 inverso
926 1142 1085 1208 capite
1122 1141 1251 1207 palis
1290 1140 1572 1205 affigantur.
1623 1141 1730 1192 Nec

229 1229 308 1281 his
333 1228 549 1280 contenti
576 1227 847 1277 clanculum
874 1243 963 1292 per
1003 1242 1171 1276 omnes
1210 1231 1479 1276 conventus
1515 1226 1731 1276 unanimi

205 1316 476 1366 'consensu
499 1313 826 1374 coniurarunt‚
857 1328 925 1375 se,
953 1313 1059 1362 sivi
1079 1312 1143 1362 ad
1162 1312 1449 1362 servitutem
1475 1318 1729 1377 cogantur,

227 1401 487 1452 universos
513 1415 652 1449 arma
677 1405 847 1449 contra
872 1398 1178 1447 nobilitatem
1205 1403 1498 1462 sumpturos.
1525 1397 1728 1463 Id-post-

227 1500 372 1550 quam
396 1484 640 1534 nobilitati
667 1484 889 1546 innotuit,
917 1484 1082 1533 missis
1109 1482 1371 1533 confestim
1387 1482 1593 1545 nunciis,
1620 1480 1726 1532 Ste-

224 1569 437 1635 phanum
460 1569 780 1623 Boczkaium
822 1568 981 1619 locum
1030 1573 1145 1618 tunc
1182 1567 1427 1632 Principis
1464 1560 1733 1628 tenentem,

225 1655 286 1721 de
309 1653 497 1706 ferocia
534 1652 811 1704 Siculorum
861 1653 1120 1703 certiorem
1158 1652 1290 1713 facit,
1330 1651 1414 1716 qui
1439 1667 1497 1702 eo
1523 1652 1621 1701 iam
1646 1668 1729 1701 au-

225 1739 397 1790 daciae
435 1755 495 1789 ae
533 1739 769 1789 vesaniae
803 1743 1180 1804 processerant,
1218 1741 1271 1786 ut
1311 1735 1537 1786 aedificia
1578 1737 1727 1786 domi-

224 1838 395 1876 norum
422 1839 620 1875 suorum
643 1824 916 1907 destruere,
944 1823 1042 1872 vim
1068 1822 1368 1888 primoribus
1394 1821 1630 1872 nobilium
1642 1823 1727 1872 mi-

143 1934 147 1938 ·
219 1910 381 1973 uitari,
423 1926 484 1960 ac
528 1915 703 1960 cuncta
739 1914 931 1959 terrore
970 1908 1345 1972 latrociniisque
1385 1907 1592 1957 miscere
1629 1923 1727 1957 non

217 2000 521 2045 vererentur.
585 1995 664 2044 Ea
712 2011 766 2044 re
819 1995 1018 2058 cognita
1067 1993 1349 2042 Boczkaius
1401 1993 1602 2053 veritus,
1655 2008 1718 2041 ne

225 2079 430 2128 absente
445 2078 674 2143 Principe
700 2079 749 2127 in
766 2083 989 2143 apertum
1014 2094 1097 2126 res
1124 2078 1305 2127 bellum
1332 2082 1535 2126 externo
1560 2076 1722 2142 perni-

221 2163 404 2213 ciosius
432 2168 723 2228 erumperet,
749 2163 819 2212 ita
843 2163 1125 2228 provincias
1160 2161 1504 2226 compescendi
1531 2159 1724 2211 Siculos

220 2247 510 2315 dispertitus
538 2253 615 2298 est
638 2248 937 2312 primoribus
964 2247 1226 2308 nobilium,
1265 2250 1319 2295 ut
1344 2246 1394 2294 in
1422 2246 1598 2308 Kezdi‚
1627 2245 1721 2296 Or·

219 2333 316 2393 bai,
356 2339 405 2383 et
442 2331 620 2399 Szepsi
656 2333 802 2383 sedes
842 2331 1115 2397 Georgium
1152 2313 1460 2381 Ravaz‘dium
1499 2331 1724 2381 consilia-

214 2417 370 2478 rium,
432 2418 482 2467 in
531 2418 892 2468 Marosiensem
945 2417 1153 2481 denique
1217 2415 1383 2464 sedem
1422 2413 1724 2481 Stephanum

220 2501 498 2563 Tholdium,
527 2508 576 2552 et
590 2503 937 2552 Balthasarem
953 2490 1250 2565 Bogathium
1266 2499 1479 2564 Regium
1505 2502 1722 2551 eiusdem

218 2587 325 2637 loci·
353 2587 584 2649 Iudicem,
635 2604 742 2638 cum
781 2587 927 2636 certis
967 2586 1182 2651 equitum
1212 2585 1527 2650 peditumque
1554 2585 1724 2635 cohor-

219 2673 352 2723 tibus
380 2673 654 2736 ablegaret.
694 2672 885 2722 Prorex
919 2671 1070 2735 igitur
1094 2671 1288 2721 nomine
1318 2669 1562 2731 Principis
1590 2684 1720 2718 man-

221 2757 319 2818 dat,
345 2761 399 2806 ut
424 2756 714 2807 authoribus
738 2755 1029 2806 rebellionis
1057 2771 1231 2805 severe
1258 2754 1453 2819 punitis,
1481 2753 1720 2817 reliquam

219 2842 575 2891 multitudinem
614 2841 905 2905 imperitam·
929 2841 1089 2904 magis
1128 2846 1335 2899 terrore,
1372 2852 1516 2902 quam
1555 2837 1718 2897 armis,

218 2925 315 2982 nisi
340 2925 615 2976 necessitas
645 2925 779 2975 aliud
802 2924 1054 2990 postulare
1069 2924 1305 2985 videatur,
1333 2927 1715 2986 compescerent.

155 3069 158 3071 ῃ
219 3009 432 3074 Alioqui.
473 3027 532 3059 uc
573 3027 689 3076 pars
717 3011 908 3060 sincera
946 3010 1185 3065 trahatur,
1226 3023 1343 3056 ense
1371 3006 1565 3070 penitus
1592 3005 1714 3055 sedi-
