2112 3288
440 141 537 191 198
998 155 1060 188 10.
1086 155 1216 188 Dncn
1242 154 1436 188 BARovn

435 273 685 338 egregium
708 272 1002 323 fortitudinis
1028 272 1271 338 specimen
1306 273 1356 322 in
1382 288 1438 323 eo
1477 273 1701 324 conflictu
1737 273 1897 324 edide-

433 362 525 419 rat,
550 373 655 407 cum
680 357 810 407 mille
835 357 1030 407 selectis
1054 358 1244 408 circiter
1270 357 1511 422 equitibus
1536 357 1598 407 ad
1623 357 1894 424 diripienda

436 442 705 492 Turcarum
742 446 905 492 castra
939 442 1012 491 ire
1049 442 1203 492 iussit.
1242 440 1338 491 Sed
1377 442 1570 491 Turcae
1606 442 1781 507 panico
1804 443 1900 493 iam

434 531 578 575 antea
602 530 790 575 terrore
820 526 1132 587 consternati,
1157 539 1253 574 non
1279 525 1549 590 expectatis
1562 526 1746 576 nostris
1758 542 1904 591 prae-

435 609 568 674 cipiti
603 609 722 673 fuga
759 611 963 659 salutem
1008 609 1101 659 sibi
1139 610 1474 674 quaesierunt,
1537 609 1722 659 relictis
1773 607 1903 659 OOC

436 693 628 743 circiter
679 693 908 755 camelis,
953 693 1222 757 ceterisque
1259 694 1610 758 impedimentis
1670 694 1905 753 omnibus,
1937 684 1940 685 ⁷

436 792 560 841 quae
584 777 738 826 nostri
761 794 849 842 per
876 777 1022 827 otium
1054 782 1228 842 postea
1253 777 1564 842 diripuerunt.
1605 776 1765 844 Capta
1802 778 1905 842 sig-

433 877 498 910 na
534 860 706 925 viginti
747 850 948 925 septem,
994 865 1231 910 tormenta
1277 860 1450 923 viginti
1500 875 1687 910 novem.
1739 859 1902 911 Caesa

435 945 643 1010 quinque
668 945 819 994 millia
835 944 1069 993 hostium:
1097 944 1342 1008 complura
1355 949 1510 1009 capta,
1538 960 1642 994 cum
1667 961 1694 995 e
1719 945 1902 997 nostris

433 1043 528 1078 non
574 1028 712 1078 multi
759 1028 857 1077 Dei
898 1027 1133 1076 beneficio
1172 1043 1229 1078 eo
1254 1028 1440 1092 praelio
1490 1028 1753 1079 desiderati
1787 1029 1903 1080 fuis-

433 1117 553 1162 sent.
579 1111 753 1162 Actum
778 1112 878 1161 hoc
901 1116 977 1160 est
1002 1111 1165 1160 XXV.
1192 1110 1306 1160 Iulii
1331 1111 1498 1160 nostri.

574 1198 869 1246 Invenerunt
895 1195 945 1244 in
971 1210 1083 1244 arce
1111 1192 1358 1244 Granensi
1392 1195 1548 1244 nostri
1574 1196 1695 1246 duas
1720 1197 1907 1247 subter-

432 1295 606 1330 raneas
632 1279 797 1339 cellas,
838 1277 1191 1342 semiputribus
1216 1277 1544 1328 Barbarorum
1584 1279 1906 1330 cadaveribus

435 1365 685 1430 oppletas,
737 1378 861 1427 quae
912 1361 1021 1411 ideo
1072 1361 1265 1412 Turcae
1302 1363 1690 1424 occultaverant,
1734 1380 1795 1414 ne
1831 1363 1911 1414 vel

432 1453 659 1513 aspectus
709 1462 877 1497 eorum
926 1447 1101 1496 ceteris
1150 1446 1472 1509 formidinem,
1511 1448 1591 1497 vel
1626 1450 1902 1500 teterrimus

433 1532 551 1582 odor
575 1533 866 1597 pestilentos
893 1532 1028 1581 sanis
1054 1532 1249 1581 morbos
1276 1531 1601 1582 conciliarent.
1626 1533 1803 1583 Incidit
1828 1533 1908 1583 de-

434 1617 552 1666 ditio
592 1615 828 1680 Strigonii
862 1615 912 1664 in
950 1616 1074 1664 diem
1114 1613 1365 1676 Sabbathi,
1401 1620 1660 1680 postquam
1696 1617 1904 1681 integris

435 1701 643 1765 quinque
670 1700 955 1765 septimanis
996 1699 1233 1748 acerrima
1271 1699 1373 1770 eius
1406 1701 1703 1764 oppugnatio
1743 1702 1909 1751 duras-

436 1789 523 1834 set.
584 1784 796 1833 Proinde
847 1783 1115 1848 exportatis
1163 1798 1251 1847 per
1300 1786 1527 1845 agrestes
1576 1783 1909 1847 cadaveribus,

434 1869 748 1933 omnibusque
790 1867 913 1918 locis
952 1867 1263 1931 expurgatis,
1304 1871 1501 1930 postero
1547 1867 1623 1916 die
1649 1868 1906 1918 Dominico

433 1967 594 2002 arcem
618 1952 782 2002 nostri
807 1951 1021 2015 ingressi
1037 1949 1190 2000 Sacra
1213 1950 1282 2000 ibi
1307 1950 1631 2013 celebravere,
1658 1956 1707 2001 et
1732 1952 1904 2002 arden-

439 2041 516 2085 tes
565 2035 708 2086 DEO
741 2035 937 2098 Optimo
987 2035 1200 2084 Maximo
1251 2035 1438 2098 gratias
1475 2035 1743 2085 cuniunctis
1781 2035 1908 2085 votis

437 2135 598 2182 egere.
624 2121 702 2169 Ita
726 2123 839 2183 post
871 2118 1320 2182 quinquagesimum
1355 2119 1548 2167 tandem
1585 2135 1759 2169 annum
1787 2117 1908 2169 Bar·

410 2212 413 2217 ’
436 2204 571 2252 baris
599 2202 899 2267 Strigonium
925 2219 1029 2252 cum
1055 2203 1502 2252 circumiacentibus
1528 2203 1712 2267 aliquot
1736 2203 1908 2253 castel-

436 2287 498 2337 lis
536 2287 809 2350 ademptum
849 2291 936 2335 est.
977 2285 1183 2351 Captum
1220 2286 1345 2336 enim
1381 2287 1542 2335 fuerat
1578 2303 1607 2335 a
1644 2285 1906 2351 Solymano

435 2369 576 2420 Anno
604 2369 787 2419 Salutis
814 2370 1005 2419 circiter
1031 2370 1405 2434 quadragesimo
1434 2370 1597 2433 quinto
1625 2385 1774 2436 supra
1797 2370 1901 2419 mil-

433 2455 652 2503 lesimum
680 2458 728 2502 et
755 2453 1201 2517 quingentesimum,
1234 2459 1490 2517 postquam
1527 2453 1651 2503 irato
1690 2453 1907 2518 Vngaris

430 2538 619 2592 numine
658 2537 820 2586 omnia
854 2541 1061 2601 tyranno
1089 2553 1148 2586 ex
1176 2537 1323 2587 animi
1350 2522 1590 2587 sententia
1617 2539 1895 2588 cessissent.

1036 2757 1306 2766 ——n—
