2112 3288
604 199 668 230 ηις
694 198 803 231 nnn.
831 198 942 230 VNG.
971 198 1082 232 mcc.
1113 199 1158 231 x.
1187 199 1231 231 11.
1258 199 1304 231 x.
1508 201 1517 205 “
1608 185 1710 235 269

201 315 356 367 octies
394 329 489 364 uno
528 314 798 377 eodemque
839 313 918 360 die
945 313 1148 361 summis
1189 313 1404 372 viribus,
1444 314 1711 377 ultimoque

201 403 380 450 conatu
404 401 694 457 tentaretur,
720 397 891 455 nostri,
933 412 1029 445 non
1057 397 1238 444 virtute
1266 395 1358 443 sed
1382 411 1582 444 numero
1607 402 1713 444 tan-

200 483 310 534 dem
335 496 462 547 pene
489 481 553 530 ad
592 478 842 529 extremas
882 480 1146 543 angustias
1174 479 1532 542 redigerentur.
1563 479 1712 539 Quin-

199 582 295 633 que
344 565 474 616 enim
517 566 580 614 ab
620 565 836 614 adventu
875 565 1045 614 statim
1086 563 1464 629 propugnacula
1497 563 1711 612 Barbari

198 651 552 710 excitaverant,
580 654 629 698 et
655 653 802 713 capto
830 649 1016 713 oppido
1043 647 1470 712 propugnaculum
1498 647 1603 696 arci
1630 647 1712 695 ad-

196 735 368 785 iacens
395 733 585 783 decima
610 732 759 782 tertia
784 733 1167 797 oppugnatione,
1204 747 1331 796 quae
1355 731 1488 781 intra
1512 731 1713 781 biduum

199 819 411 868 omnium
437 822 546 867 erat
560 816 936 877 violentissima,
963 816 1165 866 tandem
1180 820 1498 880 occuparunt.
1539 816 1712 865 Nostri

198 902 440 969 postridie
467 918 528 951 ex
554 917 669 950 arce
704 907 1016 965 erumpentes
1056 902 1483 966 propugnaculum
1508 901 1607 949 iam
1635 917 1713 950 oc-

199 992 427 1052 cupatum
450 985 642 1049 ingenti
668 985 945 1035 'furcarum
972 995 1143 1050 strage
1171 985 1304 1035 edita
1330 999 1503 1034 rursus
1532 984 1713 1034 Turcis

202 1071 498 1137 eripuerunt.
527 1070 748 1119 ⁴Interim
776 1070 973 1120 Turcae
1001 1071 1061 1119 de
1090 1070 1307 1119 adventu
1333 1068 1639 1133 Sigismundi
1666 1075 1714 1119 et

200 1141 531 1205 Maximiliani
557 1155 796 1204 certiores
822 1154 958 1214 facti,
987 1171 1093 1204 cum
1120 1155 1347 1204 viderent
1372 1154 1630 1202 tormentis
1658 1169 1713 1202 se

201 1255 375 1304 parum
403 1240 659 1302 proficere,
681 1244 963 1289 statuerunt
989 1240 1191 1299 fossam,
1238 1254 1365 1303 quae
1390 1238 1521 1287 inter
1548 1254 1712 1287 arcem

198 1328 249 1373 et
274 1323 443 1372 vineta
467 1322 745 1392 interiacet,
772 1329 985 1386 aggesta
1023 1323 1232 1372 materia
1261 1323 1522 1386 complere.
1569 1322 1712 1382 Quod

195 1415 250 1457 ut
274 1423 333 1457 eo
383 1406 669 1470 diligentius
695 1407 891 1457 Turcae
929 1409 1167 1470 facerent,
1203 1407 1413 1472 ipsemet
1438 1407 1712 1457 Turcarum

195 1493 475 1556 Imperator
499 1507 590 1555 per
617 1492 779 1541 omnia
807 1496 974 1541 castra
1013 1492 1268 1556 equitavit,
1308 1498 1357 1541 et
1393 1497 1446 1541 ut
1485 1498 1711 1556 coeptum

195 1591 321 1641 opus
349 1574 651 1636 absolueret,
693 1591 782 1641 pro
810 1591 901 1625 sua
927 1591 1168 1640 quemque
1208 1576 1450 1639 dignitate
1477 1576 1708 1625 adhorta-

195 1665 330 1710 tatus
351 1665 449 1730 test·
481 1658 698 1709 Obsessi
725 1660 843 1709 vero
870 1660 1046 1709 iterum
1087 1676 1204 1710 arce
1232 1664 1559 1724 erumpentes,
1586 1661 1704 1710 mul-

194 1750 275 1794 tos
319 1760 348 1794 e
410 1744 590 1794 Turcis
652 1744 986 1804 trucidarunt,
1061 1744 1426 1808 Ibraimumque
1472 1758 1710 1793 summum

155 1828 463 1902 rVezerium
488 1828 702 1878 Bassam
729 1843 836 1877 cum
862 1828 1088 1876 omnibus
1129 1828 1233 1877 suis
1273 1828 1322 1876 in
1354 1827 1524 1891 fugam
1551 1827 1710 1876 conie-

201 1913 482 1974 cerunt,·ita
505 1918 560 1962 ut
585 1928 756 1978 parum
785 1911 1014 1970 abfuerit,
1054 1911 1171 1976 quin
1209 1927 1336 1976 pene
1363 1911 1506 1961 vivus
1532 1911 1582 1959 in
1609 1928 1708 1960 ma-

197 2013 290 2048 nus
329 2003 610 2048 nostrorum
663 1996 932 2045 devenerit.
986 1998 1045 2045 In
1085 1996 1180 2045 hac
1216 2012 1386 2060 pugna
1424 1995 1704 2046 Terczkius

199 2082 383 2146 glande
408 2080 736 2131 tormentaria
761 2080 811 2129 in
850 2080 1030 2144 eapite,
1070 2080 1161 2129 sed
1185 2095 1281 2128 non
1307 2080 1573 2141 lethaliter,
1607 2080 1710 2128 vul-

193 2171 408 2216 neratur.
437 2166 645 2216 Decimo
671 2164 890 2213 octobris
913 2164 1108 2220 Turcae
1136 2163 1293 2212 denuo
1317 2178 1482 2212 arcem
1509 2163 1711 2212 summis

192 2250 382 2300 viribus
409 2250 660 2300 invadunt.
684 2249 863 2299 'Nostri
891 2253 1100 2313 quatuor
1140 2247 1539 2314 oppugnationes
1565 2247 1706 2297 forti-

191 2320 270 2385 ter
297 2336 647 2397 sustinuerunt,
688 2339 862 2399 quater
888 2334 1060 2384 hostes
1087 2350 1117 2383 a
1143 2333 1399 2383 moenibus
1425 2331 1703 2381 incredibili

194 2436 302 2470 cum
329 2435 499 2470 eorum
525 2425 699 2486 strage
727 2420 1028 2482 reiecerunt,
1067 2423 1119 2468 at
1147 2418 1316 2483 quinta
1331 2416 1698 2482 oppugnatione

192 2502 393 2555 'Furcae
418 2505 616 2554 tandem
644 2505 896 2569 antiquam
925 2519 1089 2553 arcem
1114 2518 1274 2553 novae
1288 2502 1497 2551 vicinam
1513 2505 1704 2554 armata

195 2603 342 2638 manu
355 2595 670 2654 occuparunt,
696 2589 977 2653 ibidemque
994 2587 1310 2637 Christianos
1338 2586 1533 2635 circiter
1554 2585 1703 2633 octin-

191 2678 372 2736 gentos
397 2673 719 2724 trucidarunt.
748 2672 912 2738 Capta
937 2674 1034 2723 hac
1060 2689 1188 2734 arce,
1217 2671 1334 2736 Aga
1360 2670 1558 2734 quidam
1573 2668 1699 2718 Tur-

189 2757 324 2807 cicus
350 2756 563 2808 Caesari
589 2758 954 2822 quadringenta
986 2763 1265 2807 nostrorum
1305 2755 1471 2819 capita
1509 2753 1705 2816 obtulit,

189 2857 286 2905 quo
313 2842 602 2907 spectaculo
639 2843 896 2892 Barbarus
934 2843 1251 2892 vehementer
1291 2840 1567 2893 oblectatus
1594 2838 1698 2887 fuit.

193 2923 406 2975 Barbari
444 2941 564 2975 vero
598 2928 754 2975 veteri
794 2927 890 2977 iam
919 2932 1084 2976 castro
1125 2924 1282 2990 potiti,
1322 2939 1500 2973 novum
1526 2922 1702 2972 maiori

191 3009 399 3060 audacia
438 3011 808 3074 aggrediuntur,
849 3027 1109 3075 arcemque
1144 3008 1513 3073 quatuordecim
1541 3007 1700 3057 diver-
