2112 3288
345 173 448 224 318
867 191 932 226 10.
957 191 1091 226 meon
1116 192 1314 227 BARovn

345 319 436 367 que
475 305 637 354 multis
689 307 990 368 argumentis
1029 308 1318 367 hortantur,
1370 313 1422 357 ut
1475 310 1706 372 quoniam
1743 310 1842 374 ipsi

347 384 557 450 quoque'
591 387 666 436 ius
707 389 1034 437 successionis
1086 391 1148 438 ob
1201 392 1583 440 communionem
1622 391 1840 441 familiae

346 470 599 531 haberent,
629 470 770 519 daret
802 486 1003 536 operam
1041 472 1296 536 Princeps,
1324 489 1383 521 ne
1422 472 1645 522 exclusis
1682 474 1842 538 legiti-

345 553 436 602 mis
462 553 757 603 haeredibus
797 555 1051 618 imperium
1089 561 1186 605 tam
1227 557 1443 619 opulenti
1479 558 1620 619 regni
1662 573 1692 606 a
1718 573 1842 607 com-

347 637 573 685 munibus
624 636 896 686 maioribus
946 639 1076 701 parti
1121 639 1440 688 abalienaret.
1503 638 1558 688 Si
1612 645 1844 690 statutum

346 720 539 784 penitus
561 725 695 774 esset
720 719 938 785 Principi
963 722 1217 785 resignata
1242 721 1337 771 hac
1362 723 1626 786 provincia
1652 739 1844 774 sacram

348 803 644 852 functionem
664 803 842 863 subire,
869 809 1093 867 paratum
1119 819 1174 853 se
1203 819 1314 853 esse
1335 804 1694 855 cardinalatum
1722 808 1767 855 ei
1793 821 1849 855 se

350 901 488 935 suum
514 900 620 933 cum
645 889 748 932 tota
774 884 1108 934 iurisdictione
1143 901 1202 934 ac
1228 886 1494 935 territoriis
1520 888 1583 936 ad
1609 904 1717 937 eum
1740 903 1850 953 per-

351 968 619 1018 tinentibus
648 967 836 1028 cedere,
853 983 912 1016 ac
937 968 1137 1031 insuper
1163 969 1305 1028 bona,
1334 984 1460 1032 quae
1486 970 1650 1032 vellet,
1674 972 1725 1020 in
1750 973 1850 1020 Ita-

352 1052 421 1100 lia
448 1057 584 1100 certa
611 1050 851 1114 pecuniae
879 1065 1066 1099 summa
1094 1066 1392 1113 comparare.
1432 1052 1572 1100 Haec
1600 1058 1648 1101 et
1674 1054 1851 1103 similia
1883 1114 1885 1116 q

355 1150 460 1182 cum
474 1133 629 1195 legati
656 1132 955 1180 cardinalitii
970 1131 1187 1196 Principi
1202 1133 1560 1196 exposuissent,
1590 1135 1851 1198 assignato

356 1218 429 1266 eis
455 1215 682 1280 hospitio,
733 1214 856 1264 iussi
894 1220 1006 1263 sunt
1043 1216 1188 1264 finem
1215 1213 1532 1265 Comitiorum
1571 1224 1850 1282 expectare.

357 1298 455 1347 Sed
481 1314 587 1347 cum
614 1298 750 1346 multi
772 1298 869 1346 iam
886 1297 990 1346 dies
1004 1298 1392 1362 praeteriissent,
1419 1299 1682 1364 variosque
1695 1317 1853 1351 rumo-

360 1398 442 1431 res
459 1383 518 1430 de
535 1381 798 1445 suspendio
813 1381 1001 1443 passim
1011 1382 1183 1445 spargi
1197 1382 1351 1444 legati
1362 1384 1724 1446 cognovissent:
1743 1401 1856 1450 cap-

363 1472 468 1516 tata
506 1466 790 1526 occasione,
816 1480 1058 1529 responso
1109 1482 1200 1514 nec
1239 1472 1513 1531 expectatO,
1554 1467 1679 1517 clam
1716 1485 1771 1518 se
1807 1470 1858 1518 in

358 1549 615 1599 Poloniam
641 1554 946 1612 receperunt.
973 1549 1050 1598 Ea
1075 1565 1129 1598 re
1157 1550 1354 1611 cognita
1378 1550 1586 1599 indoluit
1602 1550 1857 1616 Princeps,

365 1650 423 1683 ac
449 1634 615 1682 missis
641 1630 753 1680 hinc
779 1632 893 1681 inde
919 1633 1124 1694 nunciis,
1166 1648 1251 1682 eos
1291 1638 1370 1682 sat
1397 1633 1658 1697 diligenter
1681 1641 1858 1699 postea

364 1716 602 1766 Caesarei
628 1716 951 1764 commissarii
977 1716 1271 1779 investigari
1298 1723 1540 1766 curarunt.
1602 1719 1706 1767 Iam
1734 1719 1861 1768 enim

362 1801 535 1850 literas
562 1799 625 1847 ad
651 1796 966 1848 Cardinalem
994 1800 1327 1863 expediverat,
1371 1815 1430 1848 ac
1467 1800 1517 1847 in
1550 1800 1612 1848 iis
1638 1807 1860 1851 amanter

365 1881 979 1946 admodumzAccepimus,
1005 1883 1174 1946 inquit,
1215 1883 1386 1932 literas
1412 1888 1534 1942 tuaS,
1589 1899 1650 1932 ex
1679 1885 1858 1947 quibus

367 1981 546 2030 magno
572 1981 678 2014 cum
703 1965 882 2028 gaudio
909 1967 1224 2027 cognovimus
1251 1967 1460 2015 animum
1487 1972 1619 2015 tuum
1645 1967 1859 2016 sinistris

368 2051 718 2101 malevolorum
746 2049 1044 2114 quorundam
1073 2050 1401 2099 delationibus
1441 2055 1490 2098 et
1528 2050 1784 2099 calumniis
1810 2052 1862 2099 in

369 2152 460 2186 nos
483 2136 561 2184 ira
586 2149 884 2195 succensum,
923 2135 1121 2184 iamiam
1160 2151 1257 2184 non
1297 2135 1403 2183 sine
1431 2135 1593 2182 divino
1632 2134 1864 2183 instinctu

370 2219 587 2282 mitigari
610 2217 850 2280 nobisque
875 2217 1197 2266 reconciliari.
1225 2217 1323 2265 Pro
1351 2232 1444 2280 quo
1470 2218 1579 2266 Deo
1605 2233 1697 2266 nos
1724 2233 1867 2281 prae-

370 2302 559 2367 potenti
582 2301 881 2349 immortales
908 2301 1099 2364 gratias
1141 2301 1347 2364 agimus,
1387 2315 1693 2364 operamque
1734 2298 1868 2347 dabi-

375 2401 497 2446 mus,
522 2390 576 2434 ut
601 2384 832 2447 deinceps
858 2384 1165 2446 praeclarum
1199 2399 1321 2446 erga
1356 2387 1405 2431 te
1444 2383 1657 2430 animum
1696 2387 1746 2429 et
1780 2396 1865 2445 pa-

373 2475 563 2519 ternum
601 2482 814 2516 amorem
853 2482 959 2515 cum
998 2480 1181 2515 summo
1221 2465 1526 2529 obsequendi
1563 2465 1721 2513 studio
1756 2477 1865 2512 con-

376 2554 589 2602 iunctum
641 2544 801 2612 magis
845 2554 991 2612 atque
1030 2549 1188 2611 magis
1228 2548 1516 2612 experiaris.
1572 2547 1715 2607 Quod
1754 2561 1870 2594 vero

380 2633 630 2699 negotium
653 2632 776 2681 illud
801 2632 985 2691 attinet,
1026 2632 1160 2680 cuius
1199 2646 1289 2680 nos
1328 2631 1521 2680 nomine
1554 2631 1644 2695 per
1669 2630 1872 2679 nuncios

379 2716 722 2782 interpellasti,
750 2714 1075 2764 voluissemus
1101 2730 1234 2773 sane,
1262 2714 1305 2763 si
1331 2714 1380 2762 in
1407 2729 1463 2763 eo
1490 2713 1580 2763 tibi
1605 2711 1876 2776 gratificari

383 2808 432 2852 et
471 2801 620 2849 animi
655 2799 812 2848 nostri
849 2798 1224 2862 propensionem
1263 2803 1496 2847 testatam
1533 2796 1741 2845 reddere
1791 2809 1874 2859 po-

382 2886 659 2935 tuissemus.
701 2882 800 2931 Sed
826 2887 1087 2946 antequam
1125 2882 1330 2930 nuncius
1356 2886 1521 2938 vester
1561 2879 1625 2928 ad
1663 2892 1754 2927 nos
1793 2893 1875 2941 ap-

385 2968 609 3033 pulisset,
637 2980 804 3015 omnes
830 2965 927 3013 iam
964 2969 1204 3013 tractatus
1244 2965 1372 3013 inter
1410 2978 1500 3012 nos
1539 2967 1588 3011 et
1625 2975 1877 3010 caesarem
