2112 3288
636 178 699 211 nn
725 177 832 211 Rue.
862 176 973 210 vno.
1003 176 1112 209 nne.
1142 176 1187 210 x,
1216 177 1259 209 L.
1289 177 1336 209 11.
1504 185 1512 188 -
1661 162 1726 212 29

232 297 304 347 cis
343 295 592 360 Tokajum
625 292 950 360 oppugnavit,
996 310 1055 342 ea
1095 294 1254 343 omnia
1292 309 1455 343 secum
1494 281 1716 345 adducat.

230 382 456 434 Pulveris
490 379 821 441 tormentarii,
861 384 910 428 et
946 377 1203 442 globorum
1239 384 1376 428 tanta
1402 380 1468 428 sit
1492 381 1645 444 copia,
1673 386 1724 429 ut

231 468 340 518 usui
366 466 591 517 sufficiat.
630 466 799 515 Naves
826 464 890 513 ad
925 463 1180 512 faciendos
1205 464 1254 512 in
1281 464 1503 514 amnibus
1530 469 1721 529 ponteS‚

232 551 410 617 quibus
434 550 562 600 idem
586 549 786 600 Ioannis
808 548 964 611 Regis
990 548 1119 597 filius
1147 549 1237 597 sub
1266 548 1464 612 Tokajo
1478 563 1596 598 usus
1621 549 1724 609 fuit,

231 651 339 687 cum
377 636 600 686 omnibus
638 649 805 685 earum
836 633 1195 693 instrumentis2
1237 633 1308 683 ita
1344 635 1517 699 plane,
1545 634 1724 697 nequid

230 721 304 772 eis
330 720 484 783 desit,
522 719 788 770 instructas
814 717 1010 768 habeat.
1050 718 1270 782 Fruges,
1310 733 1434 783 quae
1460 719 1510 767 in
1536 719 1725 769 acervis

186 799 190 805 ’
229 809 367 867 sunt,
405 809 510 856 tota
533 804 789 871 provincia
825 803 1136 865 triturentur,
1177 819 1273 867 qua
1298 802 1348 851 in
1385 819 1439 853 re
1466 803 1587 852 nulli
1613 819 1722 853 con-

229 890 422 949 nivem,
459 906 599 941 nemo
626 906 688 940 ex
713 888 969 955 provincia
1007 888 1071 938 ad
1095 888 1326 938 merenda
1366 887 1723 938 Germanorum

230 974 500 1040 stipendia,
527 975 618 1025 sub
645 989 805 1040 poena
830 972 1178 1038 publicationis
1205 973 1466 1035 bonorum,
1495 974 1720 1033 abeuntO,

228 1059 311 1124 qui
346 1060 477 1110 bona
500 1075 596 1109 non
621 1057 863 1123 habuerit,
891 1058 1052 1123 capite
1077 1058 1210 1107 luit0.
1239 1057 1346 1118 Quo
1375 1063 1620 1124 apparatu
1646 1060 1722 1107 Io-

229 1158 382 1194 annes
405 1144 491 1194 ille
515 1144 672 1209 Regis
697 1143 826 1193 filius
852 1144 983 1193 bello
1012 1148 1156 1193 antea
1183 1143 1432 1207 Vngarico
1473 1142 1721 1194 Solimano

229 1225 438 1280 Caesari
474 1229 670 1280 obviam
707 1233 1022 1294 processerat
1055 1247 1065 1276 ε
1113 1228 1283 1277 eodem
1324 1243 1528 1293 prorsus
1568 1227 1723 1292 Sigis-

228 1313 435 1364 mundus
460 1313 701 1379 Princeps
729 1313 912 1363 Sinano
942 1313 1005 1362 ad
1019 1312 1321 1377 Belgradum
1348 1319 1586 1380 occurrat.
1614 1312 1721 1374 Quo

216 1394 275 1447 'si
300 1399 383 1464 qui
409 1414 518 1450 eum
545 1415 607 1449 ex
633 1398 1018 1465 provincialibus
1045 1399 1186 1463 sequi
1210 1398 1419 1461 nollent,
1460 1399 1493 1447 ii
1519 1399 1646 1460 vita,
1674 1403 1722 1447 et

227 1483 436 1534 fortunis
447 1484 714 1550 priventur.
741 1483 962 1534 Dimisso
991 1488 1092 1534 tum
1120 1482 1339 1534 Chausio
1355 1482 1591 1533 Caesaris
1606 1500 1719 1548 quo-

229 1582 324 1633 que
349 1568 525 1620 literae
538 1570 788 1635 perlectae
801 1569 1009 1631 fuerunt,
1023 1568 1074 1617 in
1088 1569 1264 1633 quibus
1282 1574 1481 1633 praeter
1496 1584 1568 1629 ea,
1596 1584 1721 1633 quae

188 1695 190 1701 2
234 1668 266 1702 a
289 1653 462 1703 nuncio
489 1653 683 1704 fuerunt
723 1653 783 1703 de
822 1653 955 1702 bello
984 1650 1249 1703 Germanis
1275 1653 1483 1715 indicte,
1523 1653 1723 1703 militari

227 1735 432 1802 imperio
459 1735 631 1788 Sinani
659 1736 952 1802 significata,
981 1737 1032 1786 id
1059 1753 1250 1803 quoque
1277 1723 1642 1799 continebatur,
1670 1743 1723 1787 ut

226 1818 468 1887 Princeps
504 1821 694 1871 farinae
731 1820 881 1870 tritici
911 1820 1011 1876 100
1054 1821 1211 1870 millia
1248 1821 1558 1883 cubulorum,
1597 1837 1720 1886 quos

225 1908 396 1955 nostra
421 1904 593 1968 lingua
619 1903 749 1952 laidas
776 1904 1107 1968 appellamus,
1147 1904 1319 1954 hordei
1344 1904 1571 1967 totidem,
1600 1907 1719 1955 mel-

224 1987 288 2038 lis
314 1988 544 2053 denique,
571 1988 751 2053 butyri,
779 1988 998 2052 salisque
1024 2005 1250 2053 magnam
1278 1989 1374 2038 vim
1400 1990 1608 2039 navibus
1635 1988 1720 2039 Se-

226 2072 506 2135 mendriam,
536 2073 599 2122 ad
624 2088 764 2124 usum
791 2074 1051 2136 exercitus,
1077 2075 1288 2139 perferri
1315 2079 1464 2123 curet.
1492 2074 1572 2123 Ad
1598 2075 1721 2124 haec

224 2158 432 2223 ipsemet
446 2159 593 2209 etiam
607 2158 846 2225 Princeps
861 2160 993 2210 adito
1023 2158 1221 2221 Sinano,
1244 2160 1392 2209 iussis
1408 2159 1512 2208 eius
1528 2166 1715 2224 pareat.

649 2423 880 2477 CAPVT
920 2424 1277 2478 OCTAVVM.

389 2542 466 2594 De
494 2547 783 2612 deprehensa
809 2550 1092 2599 Mahometis
1125 2550 1326 2599 Chausii
1342 2549 1546 2615 fraude.

371 2663 467 2717 His
505 2667 741 2720 Caesaris
782 2669 1048 2736 Sinanique
1086 2671 1302 2733 1111118118,
1330 2673 1504 2736 quibus
1542 2669 1716 2734 gravia

224 2749 410 2813 omnia,
449 2757 498 2802 et
532 2753 863 2806 intolerabilia
900 2772 1027 2807 novo
1065 2757 1212 2822 plane
1246 2758 1470 2822 exemplo
1498 2757 1711 2820 impone-

224 2834 432 2898 bantur,
478 2838 615 2886 varie
652 2839 857 2903 primum
894 2841 1139 2892 hominum
1176 2842 1312 2890 fuere
1352 2841 1498 2889 animi
1538 2839 1713 2899 affecti,

225 2933 330 2969 cum
358 2919 490 2969 haud
516 2928 682 2972 essent
694 2926 860 2987 nescii,
887 2926 1011 2976 haec
1038 2942 1094 2975 eo
1121 2932 1307 2976 tantum
1322 2925 1442 2990 fieri,
1471 2930 1523 2974 ut
1543 2924 1714 2988 siquid

223 3004 393 3055 horum
419 3005 613 3057 minime
638 3023 700 3057 ex
716 3023 881 3061 eorum
906 3011 1215 3076 praescripto
1244 3015 1378 3060 esset
1403 3010 1711 3074 praestitum,
