2112 3288
886 182 938 225 ins
961 183 1149 225 ΜυΝΚᾹΙ.
1529 201 1535 203 -
1651 180 1654 183 ’
1681 181 1779 224 XLI

270 312 440 362 verbio
465 308 834 374 responderent,
865 306 1012 371 quale
1039 310 1118 355 est
1142 306 1264 356 illud
1288 305 1338 353 in
1389 304 1644 367 Digestis:
1677 298 1771 351 ἐτὲ

271 413 430 444 nav-ca
467 391 548 443 υτὲ
580 410 758 456 παντη,
786 389 868 439 em}
897 408 1031 457 παρα
1054 408 1249 437 παντων
1279 408 1288 437 :
1332 389 1435 436 Nec
1476 391 1654 450 omnia,
1682 405 1768 435 nec

266 479 467 544 passim,
493 493 580 526 nec
607 476 668 525 ab
695 474 925 525 omnibm.

407 562 597 626 Magna
622 567 701 612 est
725 560 878 624 igitur
903 560 1012 609 laus
1038 559 1282 608 bonorum‘
1310 557 1604 620 Principum,
1647 569 1696 607 111
1727 562 1774 607 et

266 647 536 697 orationem
577 652 627 697 et
664 661 833 708 omnes
860 660 978 694 suas
1004 645 1225 694 actiones
1260 643 1331 692 ita
1370 644 1692 704 conforment,
1721 648 1773 692 ut

267 732 496 798 quicquid
522 732 585 782 ab
608 731 733 797 ipsis
758 734 1032 795 promanat,
1058 729 1110 778 id
1136 714 1233 777 non
1259 728 1355 776 nisi
1381 733 1614 792 tanquam
1642 728 1770 790 pium

265 826 315 870 et
351 833 458 868 cum
496 818 626 867 omni
657 816 887 865 virtutum
926 829 1109 878 genere
1150 813 1455 863 coniunctum
1493 827 1584 878 pro
1612 828 1770 862 exem-

261 905 402 970 plari,
427 903 558 968 quod
581 902 829 952 imitentur
861 900 1045 950 caeteri
1070 900 1319 957 mortales,
1345 899 1533 948 habere
1554 897 1764 963 possint.

405 987 523 1037 Dixi
549 987 764 1037 secundo
790 985 912 1043 loco,
939 984 1228 1034 Paroemias
1269 983 1332 1032 ad
1369 983 1768 1048 persuadendum

260 1088 454 1138 quoque
479 1072 738 1138 plurimum
776 1086 943 1136 posse.
985 1069 1116 1131 Quid
1156 1069 1284 1119 enim
1309 1068 1629 1118 verisimilius
1655 1083 1767 1117 esse

258 1162 439 1224 potest,
465 1173 612 1222 quam
636 1157 687 1206 id
713 1156 845 1222 quod
869 1160 943 1205 tot
967 1160 1184 1205 aetatum
1197 1159 1369 1219 totque
1385 1153 1637 1203 nationum
1654 1168 1766 1202 con-

259 1257 437 1294 sensus
463 1249 514 1292 et
543 1242 791 1307 publicum
830 1240 1075 1305 quoddam
1111 1240 1263 1290 totius
1303 1239 1439 1288 orbis
1478 1238 1766 1301 suffragium

259 1326 632 1392 comprobavit?
657 1324 871 1375 Proinde
895 1341 996 1375 non
1020 1324 1260 1374 immerito
1288 1324 1440 1372 divini
1468 1339 1661 1388 quoque
1677 1339 1764 1372 vaw

258 1419 336 1463 tes
373 1411 574 1461 oracula
612 1426 703 1460 sua
739 1410 1019 1476 proverbiis
1057 1409 1391 1475 compluribus
1431 1409 1758 1458 illustrarunt.

262 1496 446 1546 Eorum
472 1496 534 1545 de
557 1511 759 1545 numero
784 1500 862 1545 est
885 1494 1021 1544 illud:
1063 1494 1231 1543 Patres
1269 1495 1422 1542 nostri
1455 1494 1763 1543 comederunt

255 1597 401 1630 zonam
430 1580 653 1629 acerbam
691 1579 915 1628 cedentes
950 1581 1104 1627 nostri
1142 1579 1504 1641 obstupuerunt,
1544 1584 1593 1628 et
1619 1595 1761 1643 quam

253 1664 464 1731 plurima
488 1664 683 1726 similia,
711 1679 838 1729 quae
871 1678 962 1712 nos
989 1679 1050 1712 ex
1090 1663 1448 1728 posterioribus
1480 1662 1759 1713 Paroemio-

253 1749 460 1815 graphis
487 1753 566 1799 sat
592 1749 857 1814 diligenter
881 1748 1234 1814 excerpsimus,
1260 1754 1309 1798 et
1334 1764 1442 1798 cum
1468 1749 1532 1798 ab
1548 1749 1759 1798 Erasmo

253 1834 353 1884 sint
376 1834 748 1901 praetermissa,
774 1834 825 1883 in
850 1840 1151 1899 postremam
1178 1831 1456 1883 Chiliadem
1487 1834 1757 1884 retulimus.

395 1917 630 1969 Saluator
655 1925 791 1968 certe
816 1924 988 1968 noster
1026 1934 1177 1984 saepe
1217 1919 1496 1983 proverbiis
1548 1919 1612 1968 ad
1650 1936 1757 1985 per-

249 2002 552 2054 suadendum
575 2003 647 2054 uti
671 2019 769 2053 non
794 2007 1035 2067 gravatus
1062 2008 1153 2067 est,
1192 2005 1338 2068 quale
1376 2009 1452 2053 est
1487 2004 1636 2054 illud:
1677 2004 1758 2052 Ex

235 2085 412 2153 fructa
437 2091 736 2155 coynoscitm·
761 2090 917 2138 arbor.
957 2089 1110 2138 Item:
1144 2089 1419 2139 Uccinimas
1457 2090 1588 2138 vobis
1614 2090 1758 2151 tibiis,

247 2182 291 2221 et
316 2192 416 2222 nem
441 2173 664 2235 saltastis,
691 2175 949 2223 cecinimus
974 2173 1206 2240 luynbria
1234 2182 1277 2222 ct
1303 2191 1401 2222 non
1418 2174 1679 2238 plorastis:
1709 2181 1758 2225 et

247 2258 392 2323 plura
431 2257 627 2307 similia.
680 2254 817 2308 Idem
853 2259 1075 2308 fecerunt
1113 2257 1346 2323 Apostoli
1383 2275 1443 2308 ac
1485 2259 1755 2309 doctissimi

247 2343 428 2408 quique
453 2342 647 2404 PatreS‚
675 2344 1030 2404 Tertullianus,
1053 2343 1378 2407 AugustinUS,
1406 2342 1754 2409 Hieronymus,

246 2433 297 2477 et
321 2429 520 2488 caeteri,
535 2445 739 2494 quorum
759 2430 971 2479 omnium
997 2430 1183 2494 scripta
1209 2429 1556 2479 eruditissimis
1581 2445 1754 2495 parac-

246 2512 372 2574 miis,
397 2518 629 2578 tanquam
655 2514 934 2579 insignibus
962 2515 1254 2580 quibusdam
1291 2515 1564 2580 gemmuliS,
1604 2516 1753 2565 refer-

246 2595 441 2648 tissima
465 2604 593 2648 sunt.

389 2683 495 2731 Iam
521 2683 565 2732 si
591 2685 655 2734 ad
680 2685 964 2750 prophanos
1005 2686 1239 2736 authores
1278 2687 1556 2736 veniamus:
1599 2702 1749 2750 quan-

246 2770 344 2813 tum
382 2767 648 2829 proverbia
674 2770 949 2819 conducant
986 2771 1049 2820 ad
1075 2771 1482 2835 persuadendum,
1535 2771 1613 2818 vel
1640 2770 1748 2834 ipse

246 2847 659 2915 Philosophorum
701 2852 943 2920 Princeps
996 2857 1121 2905 satis
1160 2857 1386 2915 ostendit,
1426 2855 1508 2919 qui
1547 2855 1746 2920 saepius

244 2934 425 2998 adagia
450 2934 500 2984 in
526 2934 812 2990 Rhetoricis
837 2941 1118 3006 praeceptis
1155 2941 1282 2993 inter
1318 2939 1598 2990 testimonia
1636 2955 1746 2991 con-
