2112 3288
566 195 631 236 im
656 195 884 237 RERVNG.
914 198 1023 236 11110.
1063 204 1108 235 x.
1136 203 1182 235 L.
1210 194 1324 237 v111.‘
1504 199 1512 203 “
1609 186 1708 240 191

208 312 376 368 facere
413 334 511 367 non
547 323 879 367 recusaturos.
931 317 1183 380 Georgius
1235 324 1487 382 comperta
1535 336 1713 383 magno

210 416 318 451 cum
342 401 489 450 animi
516 401 590 449 sui
617 401 803 462 dolore,
831 401 1071 450 communi
1098 404 1301 464 totaque
1341 417 1449 450 cum
1487 403 1712 451 selectio-

205 483 344 533 ribus
382 483 588 532 ducibus
625 484 934 534 tormentarii
970 483 1191 548 pulveris
1227 483 1421 547 inopia,
1462 484 1714 548 satiusque

205 571 344 616 ratus
387 566 692 617 incruentam
743 568 1030 627 victoriam,
1071 582 1214 630 quam
1253 567 1538 631 opulentam
1575 584 1716 632 prae-

206 649 320 699 dam
346 650 569 716 adipisci,
596 656 813 700 armatos
842 666 930 700 eos
956 650 1147 700 relictis
1174 650 1536 715 impedimentis
1575 667 1715 700 exce-

208 733 326 783 dere
364 734 516 784 iubet.
555 735 615 784 Id
652 749 760 785 cum
798 735 1016 784 Barbari
1049 738 1350 794 recusarent,
1379 738 1428 783 et
1454 749 1561 782 cum
1587 733 1717 783 binis

207 831 263 866 se
289 817 443 881 equis,
464 833 524 866 ac
550 818 739 882 aliquot
765 817 993 867 curribus
1020 817 1238 867 oneratis
1266 831 1562 866 excessuros
1575 832 1718 881 prae-

205 900 478 962 tenderent,
518 902 743 966 quamvis
781 901 1038 961 militibus,
1069 916 1273 965 quorum
1298 900 1538 964 plerique,
1579 900 1712 950 avidi

205 985 438 1049 praedae,
465 990 652 1050 quanta
674 986 899 1051 pulveris
936 986 1145 1050 penuria
1182 985 1513 1046 laboraretur,
1554 999 1712 1048 quove

207 1074 344 1119 esset
386 1070 436 1118 in
481 1070 701 1134 periculo
740 1085 853 1131 res,
907 1070 1234 1133 ignorabant,
1287 1068 1369 1118 diu
1418 1069 1717 1131 multumque

211 1154 598 1217 refragantibus,
650 1155 871 1204 assensit
909 1154 1154 1203 Barbaris
1194 1151 1472 1216 Georgius,
1512 1167 1719 1216 eumque

215 1238 343 1286 diem
370 1252 478 1287 cum
504 1238 731 1301 sequenti
767 1243 911 1287 nocte
954 1237 1079 1301 ipsis
1119 1236 1378 1286 concessit.
1418 1236 1501 1285 Illi
1540 1251 1718 1285 conva-

180 1320 334 1370 satis
377 1320 611 1384 pretiosis
652 1321 928 1385 quibusque
982 1321 1148 1383 rebus,
1197 1325 1400 1384 postero
1439 1319 1519 1368 die
1557 1335 1721 1368 arcem

210 1403 404 1466 dedunt,
443 1408 493 1453 et
530 1419 592 1453 ex
631 1409 887 1469 compacto
927 1419 1025 1453 una
1065 1419 1172 1453 cum
1210 1402 1525 1467 supellectili,
1573 1418 1719 1466 quam

206 1475 373 1537 secum
423 1488 639 1536 avehere
683 1493 974 1552 potuerunt,
1026 1488 1159 1538 salvi
1208 1487 1400 1535 dimissi
1438 1491 1565 1535 sunt.
1620 1486 1720 1536 Sed

211 1585 319 1620 cum
343 1569 491 1619 liberi
515 1569 710 1634 pedites
736 1571 979 1635 praedam
1005 1570 1103 1619 sibi
1143 1574 1365 1634 ereptam
1402 1570 1721 1632 indignaren-

202 1659 297 1715 tur,
323 1668 383 1703 ac
407 1653 613 1718 proinde
638 1653 738 1702 vim
751 1653 995 1703 Barbaris
1022 1653 1319 1702 abeuntibus
1352 1653 1715 1712 minitarentur,

213 1735 466 1801 Georgius
492 1737 623 1796 Dux,
651 1752 713 1786 ne
738 1737 929 1786 violata
954 1737 1052 1785 fide
1092 1741 1287 1786 ceteros
1327 1736 1392 1785 ad
1426 1736 1721 1786 deditionem

209 1820 395 1871 arcium
419 1820 699 1870 faciendam
735 1821 1099 1885 pertinaciores
1137 1820 1394 1882 redderet,
1441 1821 1505 1869 ad
1531 1821 1724 1884 aliquot

209 1919 296 1954 eos
323 1904 570 1965 milliaria,
596 1904 752 1953 missa
776 1905 1013 1955 mediocri
1030 1920 1193 1966 manu,
1210 1903 1427 1965 deduxit,
1454 1909 1504 1953 et
1523 1905 1587 1953 ab
1605 1903 1735 1951 omni

209 1986 486 2051 prohibitos
511 1987 704 2049 iniuria,
731 1989 901 2037 saluos
941 2003 1116 2038 omnes
1157 1987 1354 2035 dimisit.
1394 1986 1725 2036 Remanserat

209 2087 335 2122 unus
362 2087 424 2121 ex
448 2069 511 2121 iis
536 2072 705 2121 nescio
733 2087 828 2136 quo
856 2088 991 2135 casu,
1021 2077 1071 2121 et
1117 2071 1182 2120 ad
1220 2069 1495 2134 Georgium
1534 2071 1719 2132 ductus,

213 2171 322 2205 eum
371 2155 607 2220 lacrymis
659 2171 767 2205 eum
795 2161 1041 2218 oraverat,
1070 2160 1127 2206 ut
1167 2156 1231 2204 ad
1268 2154 1488 2219 reliquos
1527 2155 1726 2204 ducere-

210 2245 302 2290 tur.
330 2241 457 2290 Eum
483 2240 752 2291 Ladislaus
780 2241 1080 2307 Pattantyus
1111 2239 1370 2304 Vngarico
1408 2239 1555 2304 pile0,
1592 2255 1655 2289 ne
1696 2255 1725 2287 a

209 2323 381 2374 liberis
418 2324 670 2389 peditibus
708 2330 1090 2389 agnosceretur,
1144 2323 1389 2385 indutum,
1429 2323 1494 2373 ad
1532 2329 1723 2373 ceteros

209 2407 466 2458 Barbaros
514 2407 613 2456 iam
662 2423 964 2472 progressos
1006 2406 1225 2457 deduxit.
1276 2407 1330 2457 Is
1357 2421 1466 2455 cum
1491 2406 1615 2455 nihil
1639 2406 1724 2455 ha-

209 2492 364 2552 beret,
391 2505 486 2554 quo
513 2489 689 2541 salutis
715 2506 837 2542 suae
863 2492 1125 2542 authorem
1148 2494 1563 2551 remuneraretur,
1592 2490 1721 2540 datis

213 2574 402 2639 aliquot
425 2573 478 2622 in
500 2576 895 2639 praesentiarum
920 2574 1149 2637 nummis,
1176 2573 1309 2624 velle
1336 2589 1392 2623 se
1427 2574 1549 2623 dixit
1587 2572 1723 2639 Gyu-

211 2659 293 2708 lae
329 2657 404 2706 illi
442 2658 633 2721 gratias
670 2675 761 2724 pro
799 2660 1048 2725 praestito
1102 2658 1230 2708 tanti
1280 2657 1511 2707 momenti
1560 2657 1723 2706 officio

212 2757 380 2805 agere,
407 2742 602 2805 quando
627 2743 864 2807 Vngaros
901 2742 1195 2810 propediem
1234 2742 1352 2791 illuc
1391 2741 1549 2791 ituros
1588 2745 1722 2790 certo

212 2824 377 2875 sciret.
406 2825 487 2874 Ita
510 2825 723 2890 Lippam
735 2828 894 2877 nostri
907 2828 1019 2877 fere
1035 2825 1172 2875 nullo
1200 2840 1308 2874 cum
1324 2824 1544 2888 periculo
1571 2840 1721 2887 nego-

211 2909 344 2959 tiove
357 2924 729 2974 recuperavere,
745 2927 889 2975 quam
915 2911 1133 2961 maiores
1148 2915 1263 2959 ante
1279 2907 1454 2957 XLIV
1468 2924 1638 2969 annos,
1652 2909 1723 2957 in-

213 2994 348 3058 genti
374 3009 481 3043 cum
507 2995 742 3067 exercitu,
786 2997 973 3062 quippe
1014 2995 1097 3059 qui
1135 2994 1199 3043 ad
1242 2997 1433 3042 centum
1466 2992 1620 3042 millia
1647 3009 1720 3042 ar-
