2112 3288
439 171 468 219 6
961 185 1025 217 io.
1054 184 1187 218 DEon
1211 184 1408 217 BARovn

437 301 533 350 huc
558 302 608 349 in
634 301 760 348 vivis
787 305 910 358 sunt,
941 300 1029 348 sed
1055 300 1202 348 etiam
1215 305 1522 365 posterorum
1549 305 1712 363 gratia
1737 305 1928 354 omnino

440 390 638 434 exstare
663 399 870 434 necesse
897 389 987 433 est.
1029 384 1140 433 Erit
1165 383 1486 449 enim'procul
1514 386 1659 436 dubio
1691 389 1820 438 inter
1842 402 1931 439 eos

442 469 615 527 etiam,
645 469 727 532 qui
751 474 866 533 post
890 484 980 517 nos
1006 473 1294 529 nascentur,
1336 470 1464 518 sicut
1487 471 1616 521 inter
1640 477 1932 538 praesentes

441 553 545 611 fuit,
572 568 752 615 magna
779 553 1036 613 dissensiO,
1064 568 1170 601 cum
1185 553 1270 602 alii
1294 553 1522 604 laudibus
1548 555 1612 605 ad
1638 558 1826 607 coelum
1850 571 1934 607 res
2006 592 2010 595 -

443 641 615 700 gestas
642 635 932 685 Serenitatis
960 637 1101 685 Tuae
1126 638 1344 698 efferent,
1385 638 1471 686 alii
1496 639 1713 690 fortasse
1750 639 1935 704 aliquid

386 739 393 746 ·
445 719 723 783 requirent,
754 720 900 784 idque
925 722 1006 769 vel
1033 721 1316 787 maximum,
1355 722 1450 770 nisi
1475 723 1759 785 verissima,
1786 728 1935 788 atque

445 802 834 852 luculentissima
870 803 1043 852 harum
1068 819 1230 852 rerum
1256 804 1462 852 historia
1488 806 1551 854 ad
1582 821 1668 855 eos
1692 821 1935 870 propage-

443 892 535 936 tur.
566 885 763 935 Serviat
780 887 943 950 igitur,
970 901 1175 935 necesse
1189 890 1279 947 est,
1296 885 1548 937 Serenitas
1564 889 1676 938 Tua
1700 889 1762 938 iis
1787 888 1936 938 etiam

442 969 698 1030 iudicibus,
726 970 807 1033 qui
821 970 984 1018 multis
997 975 1112 1034 post
1139 969 1318 1018 seculis
1334 970 1393 1018 de
1422 969 1698 1021 Serenitate
1725 972 1851 1033 Tua,
1877 986 1937 1021 ac

447 1054 669 1101 omnibus
695 1053 799 1102 eius
827 1053 1009 1117 gestiS,
1049 1054 1226 1112 mult0,
1255 1068 1400 1116 quam
1426 1059 1754 1118 praesentes,
1781 1055 1938 1104 incor-

446 1136 650 1200 ruptius,
678 1137 885 1200 quippe,
915 1138 1021 1186 sine
1049 1137 1184 1197 odio,
1214 1142 1262 1185 et
1287 1153 1482 1198 amore,
1509 1138 1807 1188 iudicabunt.
1834 1138 1942 1188 Nee

448 1220 573 1267 enim
600 1218 1032 1269 haecSerenitatis
1060 1221 1201 1269 Tuae
1227 1221 1330 1269 vita
1357 1220 1562 1270 dicenda
1584 1226 1673 1281 est,
1689 1237 1814 1285 quae
1841 1236 1944 1272 cor-

447 1315 592 1364 pore,
620 1317 679 1349 ac
704 1302 879 1364 spiritu
906 1303 1204 1363 continetur,
1246 1318 1471 1366 quaeque
1499 1309 1702 1368 propter
1735 1309 1943 1355 naturae

447 1383 779 1446 fragilitatem,
796 1390 844 1433 et
855 1385 1116 1435 instabiles
1134 1386 1374 1436 humanae
1403 1386 1629 1437 fortunae
1655 1402 1816 1450 casus,
1833 1389 1943 1438 bre-

449 1468 525 1516 vis
550 1469 715 1527 iuxta,
755 1484 814 1517 ac
838 1469 1026 1519 incerta
1064 1475 1153 1519 est.
1193 1469 1291 1519 Illa
1329 1470 1556 1534 inquam,
1595 1472 1683 1520 illa
1719 1471 1824 1522 vita
1859 1475 1947 1523 tua

451 1556 552 1612 est,
582 1550 908 1602 Serenissime
936 1554 1202 1619 Princeps,
1245 1570 1388 1618 quam
1415 1560 1619 1620 propter
1656 1556 1861 1619 egregia
1896 1555 1947 1604 in

450 1636 661 1700 patriam
688 1636 860 1685 merita
887 1637 1091 1687 coelitus
1119 1654 1149 1686 a
1176 1638 1286 1687 Deo
1315 1637 1588 1687 donandam
1615 1657 1625 1686 ε
1663 1639 1772 1688 fera
1797 1653 1945 1703 nepo-

451 1724 550 1768 tum
576 1719 846 1783 posteritas
874 1721 999 1778 alet,
1039 1736 1163 1783 quae
1186 1720 1375 1784 vigebit
1400 1721 1634 1770 memoria
1672 1721 1946 1782 seculorum

453 1803 674 1862 omnium,
703 1819 848 1867 quam
874 1804 986 1867 ipsa
1013 1805 1280 1853 aeternitas
1309 1819 1503 1868 semper
1529 1804 1828 1864 intuebitur,
1854 1820 1947 1854 nec

452 1887 556 1936 ulla
581 1903 792 1951 unquam
819 1894 1092 1953 temporum
1113 1889 1297 1938 delebit
1322 1888 1518 1937 oblivio.
1547 1886 1628 1937 Ad
1647 1889 1773 1939 hanc
1798 1889 1948 1952 igitur

454 1971 603 2019 vitam
631 1970 743 2019 Tua
769 1970 1024 2020 Serenitas
1050 1972 1261 2035 aspiret,
1293 1972 1420 2020 hanc
1444 1971 1680 2035 gloriam,
1706 1970 1840 2020 nullo
1865 1985 1950 2020 un-

457 2069 601 2117 quam
625 2058 846 2118 tempore
870 2055 1294 2118 intermorituram,
1323 2060 1551 2115 sectetur,
1577 2059 1796 2118 oportet,
1825 2069 1952 2119 quae

456 2140 532 2185 est
555 2137 1045 2200 illustrisquaedam,
1073 2143 1122 2187 et
1147 2143 1422 2202 pervagata
1441 2139 1721 2198 multorum,
1748 2131 1951 2202 magno-

456 2235 682 2284 rumque,
701 2220 781 2269 vel
807 2221 999 2270 insuos
1027 2222 1173 2282 cives,
1200 2222 1281 2270 vel
1300 2222 1351 2270 in
1377 2222 1603 2286 patriam,
1629 2220 1710 2270 vel
1735 2220 1788 2269 in
1813 2234 1954 2270 omne

453 2319 615 2368 genus
642 2304 886 2353 hominum
912 2306 1045 2353 fama
1070 2306 1379 2364 meritorum,
1415 2310 1563 2368 atque
1588 2302 1951 2352 beneficiorum.

459 2387 586 2438 Huic
614 2389 726 2436 Tua
754 2387 1006 2437 Serenitas
1045 2390 1309 2449 inserviat,
1336 2389 1448 2437 huic
1480 2403 1535 2437 se
1575 2386 1865 2437 clarissimis
1904 2386 1954 2434 in

455 2487 627 2521 *omnes
665 2473 909 2521 hominum
952 2474 1148 2522 ordines
1189 2462 1462 2522 benefactis
1502 2476 1706 2531 voveat,
1745 2474 1952 2535 oportet.

461 2556 947 2619 Quaequidem'iam,
975 2572 1101 2619 quae
1127 2557 1355 2616 miretur,
1389 2555 1577 2619 pridem
1615 2554 1767 2603 multa
1791 2553 1955 2611 habet,

462 2645 587 2688 nunc
627 2639 771 2688 etiam
799 2654 925 2702 quae
965 2638 1193 2688 laudibus
1231 2639 1282 2686 in
1308 2639 1496 2686 coelum
1535 2637 1738 2697 evehat,
1776 2651 1955 2699 magno

465 2722 709 2772 desiderio
737 2726 950 2785 exoptat.
991 2720 1115 2780 Quis
1143 2721 1271 2769 enim
1296 2736 1394 2770 non
1427 2720 1654 2781 miretur,
1693 2719 1823 2768 hanc
1846 2733 1958 2783 pro-

464 2806 700 2866 vinciam,
725 2809 798 2854 tot
823 2805 1035 2869 undique
1061 2804 1437 2853 circumventam
1467 2804 1719 2865 hostibus,
1753 2802 1952 2864 tamdiu,

463 2897 661 2955 tamque
700 2890 911 2939 feliciter
953 2906 984 2939 a
1011 2891 1123 2939 Tua
1150 2888 1426 2939 Serenitate
1472 2886 1835 2953 gubernatam?
1883 2890 1956 2935 tot

463 2975 763 3025 clancularia
808 2975 1046 3026 adversus
1087 2964 1141 3023 se
1180 2974 1389 3023 consilia
1426 2978 1525 3022 tam
1566 2971 1818 3038 sagaciter
1854 2969 1956 3020 ani-
