2112 3288
570 195 632 226 m:
660 194 767 226 REB.
795 194 905 226 VNG.
935 195 1049 227 DEC.
1081 196 1125 227 x.
1153 196 1196 227 L.
1227 196 1290 228 lx.
1517 201 1524 204 “
1594 183 1713 232 215

588 355 821 407 OAPVT
860 356 958 406 VN
962 356 1304 407 DECIMVM.

195 469 271 523 De
301 467 591 532 Teryovz'sto,
620 464 978 529 Bokorescoque
1006 484 1036 514 a
1062 463 1250 516 Sina-no
1279 468 1460 533 egregie
1483 469 1690 517 munitis.

338 572 554 623 Sinanus
579 572 742 636 igitur,
770 587 949 636 magno
978 572 1049 621 rei
1074 572 1302 621 militaris
1330 589 1497 623 errore
1519 574 1694 639 decep-

191 665 271 710 tus
312 658 669 722 occasioneque
711 657 1122 706 retrocedentium
1167 663 1449 707 nostrorum
1488 653 1694 723 turpiter

191 746 390 804 abusuS,
416 743 746 793 Bokorestum
772 758 879 792 cum
905 742 1151 792 universis
1180 743 1336 807 copiis
1363 742 1692 806 progreditur,

183 829 495 894 metropolim
535 827 916 892 Transalpinae,
955 827 1038 876 ubi
1077 827 1223 876 sedes
1263 826 1543 891 Principum
1585 826 1690 875 eius

187 913 407 979 regionis
425 913 602 974 fuerat,
655 918 704 961 et
742 912 917 976 viginti
958 912 1152 962 circiter
1191 912 1378 961 dierum
1417 900 1580 975 spatio
1621 911 1692 960 ita

186 998 308 1048 illud
333 998 617 1062 aggeribus,
645 998 778 1046 vallo
794 998 1029 1062 fossaque
1045 995 1213 1056 munit,
1230 1001 1390 1046 ettam
1406 1000 1690 1056 commeatU,

188 1099 332 1148 quam
345 1081 601 1132 tormentis
629 1081 835 1142 bellicis,
864 1082 1090 1145 omnique
1113 1096 1275 1130 rerum
1295 1079 1691 1130 necessariarum

149 1175 153 1179 ’
185 1168 327 1234 copia
347 1167 555 1228 instruit,
581 1172 634 1216 ut
647 1167 958 1231 quantumvis
973 1166 1320 1230 longissimam
1339 1163 1689 1215 arctissimam—

186 1269 280 1318 que
305 1252 607 1303 obsidionem
644 1252 792 1301 facile
832 1252 1107 1301 toleratura
1146 1250 1424 1314 videretur3
1467 1264 1559 1298 nec
1599 1247 1692 1297 hoc

186 1342 456 1398 contentus,
485 1337 836 1401 Tergovistum
862 1336 1192 1402 progreditur,
1219 1335 1474 1384 civitatem
1502 1333 1691 1398 pariter

185 1422 550 1488 Transalpinae
577 1422 864 1483 Valachiae,
901 1427 949 1470 et
975 1420 1310 1484 magnitudine
1341 1424 1389 1468 et
1415 1418 1582 1467 multis
1610 1417 1689 1466 de-

184 1507 340 1557 lubris
366 1507 435 1556 ibi
462 1507 725 1557 exstructis
752 1507 1013 1568 celebrem,
1041 1522 1185 1570 quam
1210 1506 1356 1555 etiam
1374 1502 1525 1552 XXV
1554 1502 1687 1551 circi-

181 1596 258 1642 ter
283 1592 470 1642 dierum
498 1592 659 1658 spatio
687 1592 859 1641 eadem
886 1596 1006 1651 arte,
1049 1607 1106 1640 ac
1145 1589 1364 1639 mirabili
1391 1588 1593 1637 militum
1619 1586 1688 1635 in-

182 1676 371 1728 dustria
395 1676 560 1738 munit,
588 1682 636 1725 et
663 1677 894 1726 corbibus
920 1682 1054 1725 terra
1075 1680 1250 1740 egesta
1288 1672 1564 1738 completis,
1591 1672 1685 1719 for-

181 1761 374 1813 tissima
398 1763 779 1827 propugnacula
808 1762 1031 1822 exstruit,
1073 1775 1228 1824 eaque
1255 1759 1391 1808 calce
1418 1758 1687 1806 incrustata

181 1853 279 1898 tam
305 1847 430 1896 mira
469 1847 764 1897 dexteritate
801 1847 852 1896 in
888 1848 1093 1895 formam
1120 1845 1408 1895 Italicarum
1446 1842 1685 1891 incrusta-

179 1933 364 1983 tionum
390 1932 604 1993 decorat,
630 1938 683 1982 ut
696 1933 877 2002 nemini
902 1930 1075 1996 procul
1103 1929 1385 1995 aspicienti,
1412 1926 1510 1977 nisi
1526 1924 1686 1975 solide

175 2016 375 2082 lapidea
400 2017 771 2082 apparuissent.
800 2017 894 2065 His
911 2016 1143 2081 operibus
1161 2010 1423 2079 impeditus
1441 2011 1531 2061 fuit
1547 2009 1685 2060 Sina-

179 2115 286 2163 nuS,
321 2100 592 2165 quominus,
620 2106 672 2150 ut
707 2101 937 2150 militaris
963 2101 1089 2150 ratio
1127 2100 1384 2166 postulare
1409 2097 1684 2156 videbatur,

179 2186 260 2235 vel
296 2184 347 2233 in
385 2185 807 2255 Transylvaniam
846 2186 1119 2250 irrumpere
1159 2187 1440 2244 conaretur,
1489 2181 1570 2230 vel
1595 2195 1682 2230 eos

180 2268 340 2333 quiin
375 2269 601 2319 faucibus
642 2269 842 2334 Alpium
877 2270 1165 2331 haerebant,
1206 2267 1416 2333 aggredi
1453 2269 1681 2327 tentaret,

176 2366 357 2417 magno
382 2358 661 2404 nostrorum
688 2355 1028 2416 emolumento,
1072 2355 1153 2420 qui
1180 2358 1314 2404 certe
1350 2352 1431 2401 vel
1457 2351 1683 2416 propelli,

178 2437 260 2487 vel
285 2438 432 2488 etiam
459 2437 629 2491 deleri,
658 2444 918 2504 antequam
946 2439 1181 2489 subsidiis
1195 2439 1311 2488 iuva
1322 2441 1505 2496 rentur,
1531 2450 1682 2499 posse

179 2522 487 2572 videbantur.
542 2521 639 2573 Sed
676 2539 893 2573 vesanus
932 2539 1104 2582 senex,
1157 2524 1267 2573 Deo
1307 2520 1568 2587 pristinum
1602 2518 1679 2567 'illi

175 2606 429 2658 consilium
457 2607 712 2668 adimente,
736 2624 925 2658 omnem
950 2609 1208 2659 victoriam
1236 2605 1437 2656 Turcici
1467 2599 1676 2652 nominis

173 2693 224 2742 in
260 2691 339 2741 his
375 2691 550 2757 opibus
578 2694 793 2757 positam
830 2699 984 2756 ratus,
1013 2693 1136 2743 nihil
1163 2691 1409 2756 antiquius
1438 2686 1675 2744 habebat,

179 2793 323 2843 quam
359 2781 413 2826 ut
438 2777 562 2827 haec
598 2778 708 2828 loca
744 2780 953 2830 muniret
990 2785 1039 2829 et
1075 2779 1359 2830 offirmaret.
1414 2774 1675 2834 Nunquam

177 2862 304 2912 enim
329 2862 553 2911 iuvenem
578 2862 854 2928 Principem
891 2869 1030 2913 tanta
1068 2862 1274 2912 audacia
1312 2862 1419 2910 fore
1455 2854 1673 2923 putabat,

172 2953 225 2996 ut
250 2961 366 2996 suas
406 2947 574 3011 copias
613 2953 749 2997 tanta
784 2947 1088 2998 multitudine
1114 2946 1379 3007 terribileS,
1419 2948 1671 3013 tantisque

176 3029 481 3096 superiorum
508 3030 730 3082 victoriis
780 3033 1001 3082 celebres
1052 3031 1260 3097 aggredi
1312 3031 1514 3081 auderet
1540 3049 1551 3091 3
1601 3032 1671 3082 ita
