2112 3288
470 179 539 230 80
993 197 1056 230 10.
1082 198 1215 231 onon
1248 198 1445 233 BARovn

467 317 515 361 et
542 312 711 376 optimi
737 313 1084 376 Imperatoris,
1137 319 1185 363 et
1223 315 1407 364 strenui
1448 315 1615 364 militis
1642 320 1811 378 partes
1838 313 1965 363 desi·

466 392 675 458 deravit)
703 395 921 459 acceptis
948 396 1136 459 aliquot
1174 397 1400 446 adversis
1427 399 1731 459 vulneribus,
1759 415 1788 447 a
1818 397 1962 447 suise

463 493 631 544 pugna
658 479 869 538 sublat0,
894 478 1055 527 fracta
1082 480 1302 542 audacia,
1320 480 1468 545 plane
1484 482 1800 532 succubuere.
1813 479 1963 544 Equi-

462 568 538 612 tes
565 577 672 611 cum
697 562 743 610 in
773 562 894 625 fuga
918 566 1119 624 tantum,
1146 562 1616 628 confisipernicibus
1643 564 1796 629 equis,
1825 577 1963 628 spem

467 645 681 710 positam
707 646 960 705 haberent,
1000 647 1063 695 ab
1098 647 1316 710 Vngaris
1357 663 1752 712 quaquaversum
1788 645 1962 710 fugati,

466 734 515 778 et
552 729 638 778 alii
687 730 798 779 aliis
837 730 886 778 in
922 731 1061 790 lociS,
1100 736 1244 794 prout
1282 747 1392 780 sors
1419 748 1658 796 quemque
1686 730 1961 786 obtulisset,

464 814 545 862 vel
573 814 717 878 capti,
745 815 825 862 vel
852 814 1076 875 truncati,
1104 815 1300 878 plurimi
1324 816 1374 863 in
1411 816 1662 879 proximas
1690 813 1852 863 Albae
1877 827 1962 876 pa·

464 896 604 946 ludes
633 898 884 962 compulsi,
911 898 961 946 in
987 913 1142 947 coeno
1171 903 1218 945 et
1244 898 1401 961 aquiS,
1420 914 1668 962 equorum,
1696 911 1960 946 armorum-

465 996 556 1044 que
583 981 883 1045 ponderibus
911 981 1089 1045 pressi,
1116 981 1381 1045 perierunt.
1432 980 1657 1030 Peditum
1691 981 1838 1030 etiam
1863 994 1960 1029 non

462 1063 702 1113 absimilis
730 1064 927 1114 fortuna
953 1065 1055 1125 fuit,
1099 1064 1337 1128 siquidem
1380 1081 1409 1113 a
1437 1063 1795 1113 Germanorum
1823 1063 1960 1126 equi-

461 1152 566 1197 tatu
595 1153 678 1197 aut
704 1149 913 1213 protriti,
942 1154 1029 1216 aut
1050 1149 1307 1212 globorum
1331 1149 1506 1198 iaculis
1522 1150 1585 1198 ab
1600 1148 1786 1197 eisdem
1800 1147 1960 1197 cuncti

461 1233 810 1295 propemodum
836 1231 1076 1296 prostrati
1101 1232 1252 1280 suere.
1293 1232 1371 1280 Ex
1412 1232 1658 1296 equitibus
1685 1230 1868 1294 plures,
1894 1246 1958 1280 ex

459 1314 536 1363 his
563 1315 707 1379 pauci
734 1315 990 1364 admodum
1018 1331 1238 1365 evasere.
1256 1316 1417 1364 Bassa
1432 1316 1644 1375 saucius,
1669 1315 1797 1364 victo
1812 1318 1955 1375 metu,

460 1398 642 1458 dolore,
672 1399 870 1447 mutatis
899 1399 1086 1464 aliquot
1101 1400 1254 1463 equis,
1269 1414 1507 1463 nusquam
1531 1399 1777 1463 respirare
1791 1411 1955 1457 ausus,

460 1497 566 1530 cum
592 1482 763 1544 paucis
791 1482 1048 1531 comitibus
1074 1483 1263 1532 Budam
1290 1488 1366 1532 est
1393 1483 1599 1543 delatus,
1626 1483 1750 1531 adeo
1762 1480 1956 1546 trepida

460 1565 564 1614 eius
592 1565 807 1614 adventu
834 1567 968 1627 urbe,
996 1571 1048 1615 ut
1074 1566 1118 1614 si
1141 1566 1316 1616 hostes
1342 1571 1483 1629 tergo
1511 1566 1616 1616 eius
1642 1565 1955 1624 institissent,

460 1649 593 1697 nullo
620 1649 818 1712 negotio
847 1665 906 1698 ea
935 1655 1032 1698 tum
1061 1650 1208 1714 potiri
1241 1649 1527 1715 potuissent.

1071 1836 1347 1844 ———.——-

902 2042 1133 2093 cAPvT
1174 2016 1515 2093 DECIMVM.

666 2172 799 2234 Quid
828 2173 1097 2224 Christiani
1113 2183 1225 2239 post
1251 2177 1507 2235 victoriam
1540 2182 1748 2239 egerunt.

601 2316 879 2366 Secundum
906 2319 1034 2367 hanc
1058 2318 1318 2368 victoriam
1344 2333 1537 2367 rursum
1564 2317 1627 2366 ad
1653 2316 1813 2365 Albae
1826 2329 1954 2363 moe·

457 2400 540 2449 nia
564 2402 722 2449 nostri
748 2404 1081 2462 convolarunt,
1121 2408 1169 2451 et
1208 2418 1313 2452 cum
1339 2403 1535 2451 clausas
1569 2404 1741 2465 portas
1767 2396 1950 2463 aperiri

456 2484 693 2545 iuberent,
742 2485 793 2533 id
829 2490 1015 2534 tantum
1055 2486 1283 2551 responsi
1323 2486 1386 2534 ab
1423 2484 1627 2533 inclusis
1665 2483 1948 2535 retulerunt,

455 2567 586 2631 ,quod
613 2583 719 2616 cum
745 2560 835 2617 nec
858 2574 1098 2618 tormenta
1125 2583 1301 2630 secum,
1340 2584 1431 2617 nec
1464 2584 1571 2616 eam
1598 2570 1948 2616 commeatuum

456 2645 659 2717 copiam⁷
702 2667 799 2715 qua
835 2653 952 2701 freti
979 2654 1214 2702 obsessos
1242 2653 1306 2701 ad
1333 2652 1629 2701 deditionem
1645 2664 1822 2714 cogere
1835 2662 1947 2714 pos-

457 2740 578 2797 sent,
600 2735 851 2796 haberent,
880 2736 1071 2784 minime
1099 2752 1152 2784 se
1180 2737 1252 2785 eis
1277 2736 1538 2800 parituros.
1579 2734 1701 2785 Cum
1737 2732 1946 2798 pruden-

452 2819 674 2879 tioribUS,
701 2819 979 2868 instandum
1019 2835 1130 2868 esse
1170 2820 1429 2880 occasioni,
1470 2821 1715 2884 placeret:
1748 2816 1944 2865 facilem

455 2908 503 2951 et
527 2908 875 2952 tormentorum
902 2905 1277 2957 subvectionem,
1308 2910 1355 2952 et
1382 2908 1731 2952 commeatuum
1743 2901 1850 2950 fore
1866 2914 1943 2947 co-

452 2986 595 3050 piam,
623 2986 797 3034 nudam
824 2988 1008 3047 urbem,
1035 2993 1082 3035 et
1108 2987 1356 3050 praesidio
1373 2987 1665 3047 destitutam,
1683 2985 1765 3033 vix
1782 2999 1941 3047 unum,
