2112 3288
566 213 630 245 DE
657 213 765 246 REB.
793 207 905 246 vus.
935 214 1045 247 DEC.
1075 215 1121 248 x.
1151 216 1194 249 1,.
1224 218 1271 251 x.
1505 200 1514 203 ’
1584 204 1702 253 243

188 335 239 381 et
263 345 353 380 nos
381 344 508 394 quae
532 334 702 378 noster
728 334 967 394 paternus
993 331 1044 379 in
1068 336 1119 380 te
1147 348 1283 381 amor
1322 336 1556 395 postulat,
1595 335 1685 383 tibi

186 415 238 467 in
260 418 361 464 tam
386 413 530 477 gravi
546 429 710 473 causa,
738 429 875 462 mora
890 415 1098 477 abiecta,
1122 416 1532 478 significaremus.
1560 418 1688 466 Nam

120 543 127 547 ,
187 501 445 553 etcertum
483 512 676 562 quoque
713 497 954 563 hominem
984 497 1128 548 huius
1166 500 1240 548 rei
1280 515 1433 549 causa
1471 500 1688 549 fortasse

167 574 253 636 fud
277 586 327 631 te
353 582 630 632 mittemus:
655 582 794 645 angit
819 583 946 631 enim
964 599 1055 633 nos
1082 584 1205 633 haec
1231 582 1510 633 sollicitudo
1537 599 1689 648 supra

186 681 332 732 quam
358 666 454 716 dici
479 667 640 732 possit
677 667 1122 717 vehementissime.
1165 669 1341 732 Itaque
1386 668 1435 717 te
1473 668 1544 717 fili
1577 668 1690 716 cha—

184 751 379 803 tissime
403 751 668 820 hortamur,
698 756 747 801 et
774 757 958 815 quanta
984 752 1199 801 maxima
1236 765 1499 816 possumus
1525 750 1686 801 effica-

99 859 105 866 ·
185 837 262 887 cia
282 851 550 894 monemus,
581 841 630 885 et
657 837 978 887 obsecramus
1004 838 1054 886 in
1070 837 1298 898 Domino,
1324 842 1377 886 ut
1403 836 1688 886 consideres

187 922 436 982 attentiuS,
459 926 695 986 quantam
721 921 819 970 Dei
857 927 907 970 et
944 922 1182 972 bonorum
1221 921 1432 971 omnium
1466 921 1690 971 offensio-

183 1021 294 1057 nem
331 1005 456 1055 haec
490 1009 577 1054 tua
603 1006 735 1054 actio
775 1010 823 1055 et
850 1006 1142 1055 deliberatio
1180 1005 1415 1067 incurrat,
1456 1010 1688 1070 quantam

139 1096 141 1098 ’
185 1099 397 1144 coronae
421 1095 537 1140 tuae
574 1092 818 1141 maculam
858 1091 1034 1141 inurat.
1074 1089 1236 1141 Crede
1263 1092 1394 1141 enim
1420 1090 1691 1155 nobis,<qui

183 1176 276 1226 tibi
310 1175 532 1242 parentis
573 1176 682 1226 loco
721 1176 772 1224 in
799 1173 999 1224 Christo
1040 1191 1220 1238 sumus,
1273 1175 1355 1241 qui
1381 1180 1429 1225 te
1454 1192 1554 1226 non
1578 1175 1691 1226 ficte

185 1261 275 1313 sed
299 1277 418 1311 vere
445 1261 708 1325 diligimus,
755 1261 838 1326 qui
870 1266 1003 1311 tuam
1042 1262 1093 1310 in
1130 1261 1224 1311 hoc
1265 1261 1431 1330 seculo
1458 1260 1685 1325 gloriam,

183 1348 235 1397 in
258 1347 421 1398 futuro
447 1352 701 1396 aeternam
723 1347 1012 1396 felicitatem
1039 1352 1291 1412 optamus:
1332 1344 1493 1396 Crede
1520 1346 1679 1405 1101118,

128 1440 131 1444 ’
187 1430 309 1493 hoc,
361 1436 590 1496 magnam
627 1433 790 1481 famae
830 1437 944 1480 tuae
994 1431 1125 1496 apud
1162 1446 1311 1495 reges
1352 1436 1400 1480 et
1436 1431 1689 1496 principes

186 1510 501 1572 Christianos
540 1516 705 1565 labem
742 1516 895 1577 inuri,
941 1517 1163 1580 graviter
1202 1531 1368 1566 omnes
1405 1517 1595 1576 ferunt,
1636 1520 1685 1566 et

159 1603 419 1665 ‘tanquam
444 1606 663 1651 monstro
711 1601 869 1650 simile
909 1601 1228 1662 detestantur,
1267 1607 1353 1651 tua
1391 1617 1543 1651 causa
1566 1600 1689 1660 fieri,

183 1701 246 1734 ne
270 1700 354 1736 res
380 1683 665 1736 Christiana
702 1702 942 1752 prospere
981 1692 1197 1752 geratur,
1238 1703 1301 1736 ne
1322 1687 1563 1751 Princeps
1600 1702 1688 1750 ge-

184 1784 406 1831 nerosus,
446 1771 530 1836 qui
556 1787 611 1820 se
638 1771 839 1821 devovit
863 1776 1072 1836 propter
1105 1769 1357 1825 Christum
1394 1772 1567 1820 felices
1605 1770 1688 1819 ha-

180 1856 298 1905 beat
322 1870 620 1920 progressus
645 1857 695 1905 in
722 1856 815 1906 hoc
846 1857 980 1906 bello
1006 1862 1106 1906 tam
1133 1857 1229 1921 pic,
1254 1862 1355 1906 tam
1382 1856 1684 1916 11000883110,

181 1946 352 1992 0011113
385 1941 619 1992 infideles*
639 1943 832 1992 Turcas
874 1947 922 1992 et
951 1944 1195 1992 Tartaros
1231 1958 1327 1991 11011
1369 1943 1526 1992 minus
1560 1946 1686 1999 tuos,

186 2033 271 2078 aut
305 2028 520 2078 fortasse
559 2028 705 2078 etiam
743 2029 918 2092 magis,
958 2045 1102 2093 quam
1140 2029 1287 2087 illius,
1328 2032 1376 2076 et
1415 2032 1687 2076 ceterorum

183 2112 482 2179 Principum,
522 2113 706 2163 hostes.
756 2111 854 2163 Sed
894 2114 1009 2178 quid
1048 2113 1291 2162 dicimus?
1345 2110 1687 2177 Transylvani

182 2197 429 2264 Principis
455 2213 755 2264 progressus
781 2198 1034 2263 impedire.
1075 2197 1256 2247 Parum
1282 2197 1377 2247 hoc
1402 2201 1552 2257 08801,
1589 2195 1686 2245 11110

183 2298 302 2334 vero
350 2283 402 2332 in
440 2299 677 2334 summum
714 2282 986 2348 periculum
1026 2282 1293 2343 coniicitur,
1334 2287 1383 2331 et
1410 2282 1688 2331 Turcarum

180 2367 336 2419 furori
359 2367 602 2431 obiicitur,
631 2384 689 2417 ac
714 2367 1065 2433 propemodum
1103 2367 1340 2416 traditur:
1381 2366 1519 2431 atqui
1547 2364 1686 2414 Prin-

185 2469 304 2520 ceps
327 2470 426 2505 non
452 2454 611 2504 solum
637 2451 950 2503 Christianus
978 2458 1037 2502 et·
1053 2451 1356 2513 Catholicus,
1396 2456 1446 2501 et
1471 2466 1561 2516 pro
1590 2451 1688 2499 fide

184 2538 399 2588 bellator
424 2537 583 2599 fortis,
622 2553 748 2602 quae
782 2537 939 2587 virtus
979 2542 1028 2586 et
1052 2537 1261 2586 inimicis
1301 2535 1610 2586 admirabilis
1639 2539 1688 2583 et

184 2622 413 2674 amabilis
438 2637 552 2672 esse
578 2623 735 2672 solet:
764 2623 853 2672 sed
879 2623 1101 2673 sororius
1127 2628 1253 2683 tuus,
1293 2627 1367 2672 tot
1404 2618 1686 2686 propinqui-

183 2707 304 2758 tatis
328 2706 537 2756 vinculis
561 2712 718 2758 tecum
749 2707 1048 2769 coniunctus,
1075 2708 1212 2757 euius
1238 2706 1382 2756 liberi
1421 2705 1686 2753 liberorum

184 2796 378 2842 tuorum
426 2790 607 2840 fratres
655 2797 809 2847 erunt.
881 2792 1012 2854 Quid
1063 2792 1173 2856 agis
1225 2790 1293 2839 fili
1350 2788 1638 2838 charissime
1658 2789 1682 2835 ἱ)

185 2876 313 2938 vide,
351 2881 488 2926 nete
526 2891 694 2926 omnes
720 2877 942 2928 homines
980 2879 1206 2927 viventes
1245 2881 1294 2925 et
1330 2873 1522 2939 posteri
1560 2887 1686 2922 sum-

188 2975 297 3010 mae
321 2960 687 3011 inhumanitatis
716 2963 1062 3021 condemnent:
1092 2962 1179 3011 sed
1206 2960 1317 3008 vide
1333 2957 1492 3007 adhuc
1510 2957 1684 3018 magis,

188 3062 249 3097 ne
275 3046 324 3095 in
351 3051 590 3111 cognatos
617 3048 790 3111 solum,
817 3049 906 3098 8011
932 3049 982 3098 111
997 3050 1158 3098 Deum
1183 3046 1356 3111 ipsum,
1385 3043 1467 3108 qui
1491 3047 1542 3092 te
1570 3042 1685 3091 duo-

1466 3124 1547 3169 16*
