2112 3288
639 202 703 235 m:
728 200 837 236 ΗΕΒ.
864 199 976 234 VNG.
1008 199 1116 233 Due.
1144 199 1190 233 x,
1217 199 1261 232 L.
1289 200 1319 233 1.
1492 199 1500 202 ’
1662 185 1727 235 15

218 322 346 375 sidio
375 320 513 382 fulti,
551 318 685 368 mille
724 317 824 366 iam
863 315 1076 381 amplius
1115 315 1258 365 annis
1300 316 1637 366 monarchiam
1674 317 1724 365 in

220 409 357 469 orbe,
389 404 783 467 latissimumque
807 400 1065 465 imperium
1092 398 1406 460 obtinuerint,
1434 397 1731 449 Christiani-

221 506 318 558 (με
340 488 552 540 nominis
573 487 813 549 asseclas,
839 485 891 534 in
905 499 1007 546 eas,
1035 484 1087 532 in
1114 483 1292 547 quibus
1320 499 1448 534 nunc
1473 498 1732 533 versaren-

218 574 313 635 tur,
334 573 598 638 angustias
624 570 926 636 redegerint.
953 569 1048 619 His
1077 572 1228 633 atque
1254 567 1366 618 aliis
1392 567 1733 632 blasphemiis,

219 658 442 724 dirisque
465 657 519 707 in
544 658 710 707 coelos
737 654 930 719 effusis,
957 655 1009 704 in
1034 654 1252 704 furorem
1279 652 1424 718 quasi
1448 653 1735 716 rabiemque

219 747 362 794 actus
388 742 585 793 domum
610 756 668 791 se
694 738 914 790 contulit.

667 1002 905 1055 OAPVT
946 1002 1286 1055 TERTIVM.

221 1137 300 1187 De
337 1136 476 1187 clade
513 1137 711 1186 Hazom‘
747 1137 931 1184 Bassae
964 1145 1225 1200 postrema,
1270 1150 1395 1200 quae
1433 1135 1583 1182 totius
1621 1134 1734 1183 belli

553 1219 558 1224 ’
622 1219 854 1272 Sinanici
893 1225 1043 1269 causa
1082 1221 1329 1269 exstiterit.

368 1343 583 1392 Domum
607 1356 842 1391 reversus
856 1341 1096 1402 Hazonus
1110 1342 1288 1402 Bassa,
1315 1346 1469 1392 totam
1484 1356 1592 1390 eam
1616 1339 1735 1405 hye-

222 1442 374 1490 mem,
402 1443 549 1493 quam
575 1428 729 1491 longa
752 1427 867 1488 fuit,
895 1427 1136 1477 acerrimo
1164 1426 1369 1477 militum
1396 1425 1632 1486 delectui,
1660 1440 1736 1474 ce-

223 1518 538 1576 terorumque
563 1512 737 1561 usibus
764 1511 892 1561 belli·
910 1512 1303 1561 necessariorum
1319 1511 1596 1577 apparatui,
1611 1525 1738 1559 sum-

176 1660 180 1663 ,
223 1612 305 1646 ma
329 1610 438 1646 cum
463 1595 721 1660 diligentia
746 1595 996 1657 attribuit,
1030 1601 1078 1645 et
1104 1596 1237 1646 circa
1264 1596 1553 1654 secundum,
1582 1611 1642 1645 ac
1669 1595 1737 1643 vi-

224 1679 464 1744 gesimum
497 1680 627 1730 Iunii
652 1680 806 1742 diem,
844 1681 1291 1731 maturescentibus
1311 1682 1427 1731 ⁴iam
1465 1680 1737 1744 segetibus,

225 1779 322 1829 quo
347 1764 446 1830 ipsi
468 1770 691 1831 tempore
726 1765 896 1832 copias
923 1781 985 1815 ex
1011 1765 1250 1832 hybernis
1290 1766 1524 1827 educere,
1565 1770 1614 1814 et
1638 1764 1739 1814 uni-

228 1850 446 1900 versalia
470 1865 648 1913 gerere
674 1849 811 1899 bella
835 1850 1124 1915 plerumque
1151 1852 1339 1913 solent,
1374 1849 1739 1916 expeditionem

226 1933 469 1984 adversus
497 1931 783 1983 Sisecianos
809 1939 1112 1999 postremam
1138 1935 1393 2001 suscipere
1419 1935 1604 1984 statuit.
1642 1936 1742 1984 Ita-

226 2033 322 2084 que
347 2017 634 2084 convocatis
647 2032 825 2067 novem
851 2017 1048 2067 circiter
1061 2018 1376 2069 finitimarum
1399 2019 1585 2069 arcium
1598 2034 1741 2084 prae-

224 2102 394 2164 fectis,
432 2088 556 2152 viris
582 2101 825 2164 strenuiS,
872 2107 921 2151 et
945 2117 1038 2152 usu
1075 2103 1255 2153 bellico
1296 2103 1741 2163 exercitatissimis,

227 2201 352 2252 quos
376 2186 476 2252 ipsi
501 2201 594 2237 sua
619 2185 792 2250 lingua
818 2186 987 2250 Begos
1021 2189 1293 2253 appellant,
1321 2189 1466 2254 quasi
1493 2189 1630 2238 dicas
1658 2187 1740 2238 do-

224 2270 413 2332 minos,
452 2266 774 2335 collectisque
812 2270 1020 2335 triginta
1058 2287 1148 2321 sex
1187 2275 1482 2324 selectorum
1525 2272 1742 2338 equitum

225 2355 389 2418 iuxta,
428 2370 487 2406 ac
512 2355 733 2420 peditum
772 2355 993 2405 millibus
1034 2357 1338 2409 Drencinum
1378 2359 1536 2424 primo
1563 2358 1742 2407 castel-

226 2438 328 2489 lum
363 2439 572 2489 infensis
611 2439 763 2489 armis
800 2440 938 2505 petit.
978 2441 1056 2490 Eo
1095 2458 1194 2492 non
1231 2443 1398 2493 multis
1426 2448 1541 2508 post
1567 2443 1742 2492 diebus

232 2539 295 2573 ex
320 2524 470 2574 animi
495 2525 743 2574 sententia
772 2530 1085 2591 expugnatO,
1128 2543 1293 2578 arcem
1320 2528 1579 2578 confestim
1607 2526 1738 2576 Sise-

231 2607 424 2658 cianam
448 2609 669 2671 obsidet,
709 2614 759 2659 et
785 2625 882 2675 quo
921 2611 1108 2661 maiore
1136 2617 1284 2663 antea
1319 2612 1434 2661 inde
1473 2611 1743 2675 ignominia

230 2693 404 2755 pulsus
428 2693 616 2755 fuerat,
655 2708 714 2743 eo
740 2693 1005 2750 intentiore
1039 2695 1201 2746 studio
1231 2696 1615 2762 opugnationem
1642 2711 1740 2743 mo-

231 2775 439 2826 nasterii
465 2776 689 2842 adurget.
730 2777 969 2842 Proinde,
998 2780 1211 2830 admotis
1236 2780 1506 2830 maioribus
1532 2786 1742 2828 tormen-

231 2861 313 2922 tis,
341 2862 663 2926 omnibusque
689 2863 854 2927 rebus,
883 2864 948 2914 ad
974 2866 1238 2915 maximam
1259 2880 1501 2929 quamque
1529 2863 1742 2913 obsidio-

232 2961 344 2995 nem
368 2946 688 3007 necessariis,
715 2947 957 2998 acerrimo
985 2950 1149 2999 studio
1178 2949 1440 3007 adhibitis,
1479 2952 1617 2996 tanto
1644 2963 1743 2997 mu-

232 3044 318 3078 ros
344 3029 529 3095 impetu
556 3030 793 3093 concutit,
821 3036 1058 3098 tantaque
1085 3034 1378 3084 assiduitate
1408 3032 1646 3082 obsessos
1671 3032 1743 3081 fa-
