2112 3288
449 154 480 203 8
976 169 1041 201 10.
1070 169 1205 202 maon
1229 169 1428 202 BARovn

441 301 522 334 res
548 285 645 333 iam
672 290 847 348 coepta
874 285 1198 347 contingeret,
1226 286 1354 349 quod
1382 302 1523 336 omen
1549 286 1687 334 Deus
1716 284 1936 334 Clemen-

443 368 659 417 tissimus
686 383 776 416 sua
800 367 1022 431 potentia
1046 368 1218 432 procul
1245 386 1275 418 a
1301 370 1444 419 nobis
1468 374 1772 427 averruncet,
1799 373 1938 418 recta

441 456 605 501 tamen
641 450 853 516 piissimi
893 451 1111 511 consilii,
1161 457 1307 517 atque
1345 453 1586 518 propositi
1624 452 1938 514 conscientia,

441 539 678 598 tantaque
706 534 876 595 virtus,
902 536 1014 599 ipsa
1034 536 1182 585 etiam
1207 537 1312 586 sine
1325 537 1459 586 felici
1485 551 1719 587 successu
1745 533 1939 586 abunde

444 635 672 682 magnum
699 619 775 668 sui
788 619 1056 683 praemium
1084 622 1225 670 Tuae
1239 620 1504 671 Serenitati
1529 623 1669 671 foret.
1700 619 1824 680 Quis
1848 619 1939 683 igi·

443 709 522 752 tur
549 702 672 751 haec
698 717 794 751 non
819 702 1059 752 miretur?
1097 704 1224 767 quis„
1245 719 1343 753 non
1382 703 1655 770 suspiciat?
1676 704 1803 768 ‘quis
1839 709 1950 753 non'

446 786 800 850 obstupescat?
826 801 995 836 verum
1022 772 1268 836 enimvero
1301 789 1543 853 principia
1579 793 1691 838 sunt
1715 789 1840 837 haec
1864 787 1937 836 rei

447 869 685 919 duntaxat
719 869 927 918 feliciter
966 869 1235 932 gerendae,
1285 870 1424 920 initia
1462 876 1694 921 aeternae
1732 870 1939 934 gloriae,

447 953 625 1001 divinis
663 953 925 1002 virtutibus
963 953 1307 1016 acquirendae.
1360 954 1499 1003 Haec
1537 955 1634 1004 iam
1673 953 1941 1003 Serenitati

447 1038 589 1086 Tuae
601 1036 793 1100 reliqua
816 1051 935 1101 pars
962 1041 1064 1085 est:
1091 1036 1172 1084 hic
1185 1042 1342 1086 restat
1367 1042 1532 1087 actus:
1559 1038 1610 1086 in
1634 1038 1729 1087 hoc
1754 1051 1942 1086 summa

447 1135 540 1184 ope
567 1119 918 1168 elaborandum
945 1123 1046 1178 est,
1085 1124 1138 1167 ut
1163 1119 1293 1182 quod
1318 1120 1368 1168 in
1395 1120 1501 1169 dies
1533 1120 1849 1169 laudabiliter
1859 1120 1943 1169 ‘fa-

448 1203 536 1262 cit,
577 1202 737 1250 civilis
763 1202 907 1251 huius
935 1202 1152 1262 dissidii,
1197 1203 1644 1267 Tragoediaequae
1668 1202 1944 1252 incendium

449 1285 608 1349 salute
633 1285 826 1349 patriae
852 1285 1153 1348 restinguat,
1191 1282 1666 1350 Rempublicamque
1697 1291 1796 1336 tam
1821 1286 1945 1336 foris

391 1419 395 1424 ,
448 1368 734 1431 vigilantia,
789 1368 1144 1432 diligentiaque
1181 1369 1529 1419 fidissimorum
1567 1371 1740 1420 ducum
1776 1375 1946 1420 eontra

450 1457 680 1523 externos
706 1452 878 1502 hostes
917 1457 1135 1515 tueatur,
1164 1469 1308 1517 quam
1330 1453 1461 1502 domi
1486 1454 1708 1504 honestis
1734 1454 1946 1518 legibus,

450 1552 507 1584 ac
532 1535 764 1585 libertate
789 1535 1186 1586 florentissimam
1215 1537 1420 1598 efficiat,
1455 1543 1760 1602 paternaque
1785 1538 1946 1588 mode-

449 1619 665 1679 ratione,
705 1635 764 1668 ac
790 1620 1048 1668 clementia
1085 1620 1294 1669 vinculis
1321 1621 1649 1670 adamantinis
1689 1621 1946 1670 devinciat.

453 1701 552 1750 Sed
577 1718 639 1750 ne
667 1700 771 1750 Soli
797 1700 956 1751 lucem
981 1703 1163 1752 inferre
1196 1703 1369 1752 videar
1395 1722 1405 1751 ε
1434 1703 1656 1766 quamvis
1692 1703 1845 1753 multa
1868 1719 1946 1754 me

453 1786 702 1835 deterrere
739 1786 1042 1849 potuissent,
1092 1803 1154 1836 ne
1191 1788 1308 1848 hoc,
1347 1787 1577 1851 quicquid
1617 1791 1720 1847 est,
1758 1787 1947 1837 laboris

453 1872 594 1919 Tuae
633 1869 900 1919 Serenitati
953 1873 1178 1921 offerrem
1217 1891 1227 1920 :
1279 1872 1549 1935 singularis
1598 1876 1762 1921 tamen
1806 1872 1948 1922 Tuae

453 1953 747 2003 Serenitatis
786 1951 1086 2016 Clementia,
1126 1959 1175 2004 et
1200 1969 1307 2004 cum
1333 1956 1543 2004 omnium
1574 1955 1624 2004 in
1659 1955 1818 2004 bonas
1840 1955 1946 2004 lite·-

451 2053 536 2086 ras
561 2037 728 2097 favor,
768 2041 868 2087 tum
893 2038 943 2086 in
968 2054 1045 2087 me
1082 2034 1313 2102 privatim
1350 2039 1632 2102 benignitas
1673 2039 1858 2099 effecit,
1894 2042 1949 2088 ut

451 2121 656 2186 primum
685 2120 892 2177 omnium
919 2121 1060 2170 Tuae
1088 2120 1353 2171 Serenitati
1378 2123 1470 2171 has
1496 2137 1633 2172 meas
1653 2121 1948 2173 lucubratio-

451 2219 540 2253 nes
578 2204 817 2252 offerrem.
857 2203 1072 2254 Primum
1109 2210 1162 2253 ut
1207 2205 1434 2269 quoniam
1474 2205 1746 2271 Syntagma
1783 2205 1948 2268 legum

454 2286 838 2345 Caesareanum,
878 2303 937 2336 ac
963 2288 1351 2351 Vngaricarum,
1388 2289 1523 2337 felici
1550 2287 1761 2351 quodam
1785 2288 1947 2338 omine

453 2368 806 2418 coniunctionis
834 2370 1024 2419 Daciae
1051 2371 1199 2420 totius
1220 2360 1328 2420 cum
1347 2371 1559 2435 Imperio
1584 2369 1823 2430 Romane,
1847 2385 1947 2419 ma·

453 2452 599 2501 ximis
625 2456 757 2500 certe
784 2452 905 2501 meis
932 2454 1189 2502 laboribus
1216 2455 1564 2513 elucubratum,
1593 2454 1735 2502 Tuae
1752 2452 1943 2503 Sereni-

453 2535 570 2584 tatis
595 2534 776 2583 nomini
803 2550 1223 2600 consecraveram,
1251 2537 1408 2585 eidem
1432 2536 1579 2586 etiam
1604 2536 1732 2585 hanc
1756 2540 1947 2601 postre-

454 2634 581 2667 mam
620 2632 835 2667 meorum
878 2617 1346 2669 Commentariorum
1384 2620 1663 2680 Decadem,
1713 2619 1784 2668 uti
1832 2624 1948 2668 tunc

454 2701 801 2765 promiseram,
835 2701 1183 2766 inscriberem;
1223 2703 1398 2752 deinde
1422 2708 1476 2752 ut
1499 2703 1644 2752 fidem
1677 2718 1834 2752 meam
1860 2718 1947 2752 ex-

455 2786 698 2834 soluerem
725 2822 734 2845 ,
788 2790 836 2833 et
874 2785 1089 2848 aliquam
1128 2785 1392 2836 Historiae.
1421 2785 1705 2848 Vngaricae
1741 2790 1946 2851 partem,

454 2868 633 2931 partim
659 2884 721 2916 ex
748 2869 1038 2931 fragmentis
1066 2869 1316 2919 cuiusdam
1345 2870 1606 2934 digestam,
1632 2869 1811 2934 partim
1835 2885 1946 2934 pro-

455 2950 562 3017 prio
590 2966 696 2999 meo
723 2958 877 3004 marte
904 2951 1233 3012 elaboratam,
1275 2953 1575 3013 exhibendO,
1601 2951 1814 3017 aliquem
1840 2949 1945 3002 An-
