2112 3288
450 187 510 236 18
958 203 1018 238 10.
1048 203 1178 236 onon
1202 203 1396 238 BARovn

732 687 1041 751 LIBER
1077 686 1616 753 SECVNDVS.

899 877 981 928 CA
991 878 1129 930 PVT
1169 879 1452 931 PRIMVM.

541 998 617 1046 De
653 998 786 1046 clade
822 994 1053 1047 Siseoonsi
1083 996 1545 1062 Constantinopolim
1574 999 1783 1063 perlata.

579 1105 844 1170 Postquam
858 1102 1064 1154 Caesari
1076 1105 1405 1154 renunciatum
1416 1106 1508 1154 fuit
1521 1104 1776 1154 Hazonum
1788 1105 1911 1154 Bas-

438 1207 542 1240 sam
567 1191 868 1239 Bosnensem
892 1193 1043 1238 totum
1070 1189 1312 1239 exercitus
1339 1190 1414 1238 sui
1439 1190 1587 1239 robur
1611 1204 1772 1238 secum
1797 1187 1911 1237 ami-

437 1275 584 1334 sisse,
610 1278 774 1322 tantus
801 1272 960 1321 subito
986 1277 1167 1334 motUS,
1209 1289 1267 1322 ac
1293 1273 1618 1323 consternatio
1643 1278 1794 1322 totum
1829 1271 1912 1321 im-

435 1358 620 1421 perium
648 1356 908 1405 Turcicum
934 1356 1166 1419 pervasit,
1193 1361 1245 1405 ut
1269 1356 1529 1406 maximam
1555 1355 1703 1419 vulgo
1730 1370 1910 1417 omnes,

435 1440 794 1504 inauditamque
820 1439 928 1488 istis
954 1440 1252 1503 temporibus
1280 1439 1601 1489 calamitatem
1641 1439 1910 1488 Turcarum

354 1590 358 1594 ἡ
436 1525 569 1588 genti
594 1524 885 1588 contigisse,
925 1538 1086 1572 secum
1111 1527 1404 1588 reputarent.
1447 1523 1609 1588 Atque
1635 1538 1695 1572 ea
1721 1522 1910 1585 quidem

436 1608 626 1669 clades,
666 1622 771 1656 cum
797 1607 921 1656 alios
960 1621 1125 1655 omnes
1164 1607 1325 1656 multis
1362 1607 1634 1655 nominibus
1672 1605 1911 1656 sollicitos

434 1691 693 1752 reddebat,
732 1696 831 1740 tum
858 1705 941 1739 eos
967 1691 1297 1755 potissimum,
1337 1691 1417 1754 qui
1454 1694 1595 1740 erant
1627 1707 1657 1739 a
1694 1689 1911 1740 consiliis

434 1774 695 1837 Caesaris,
723 1781 771 1824 et
796 1776 845 1824 in
868 1775 929 1823 iis
955 1775 1162 1824 maxime
1189 1774 1445 1834 Sinanum,
1473 1775 1574 1839 qui,
1602 1775 1730 1838 quod
1755 1773 1909 1823 consi-

434 1860 500 1919 lii,
528 1865 576 1908 et
601 1860 739 1908 aulae
770 1860 996 1924 princeps
1022 1859 1295 1921 haberetur,
1323 1875 1509 1908 omnem
1537 1859 1639 1908 eius
1664 1857 1912 1907 infortunii

435 1942 770 1991 contumeliam
795 1942 946 1991 ferme
973 1942 1107 1991 solus
1134 1943 1419 1992 sustinebat.
1458 1942 1534 1991 Ne
1561 1946 1720 1992 autem
1746 1957 1805 1990 ea
1829 1955 1910 1990 res

433 2026 645 2090 gravius,
661 2042 802 2089 quam
826 2042 917 2090 par
944 2031 1090 2085 esset,
1107 2024 1338 2076 Caesaris
1364 2026 1569 2075 animum
1591 2026 1906 2087 exulceraret,

436 2125 574 2159 omne
601 2125 737 2159 suum
781 2111 988 2159 studium
1008 2111 1056 2158 in
1083 2125 1140 2159 eo
1166 2108 1374 2160 Sinanus
1401 2112 1629 2175 ponebat,
1654 2114 1706 2158 ut
1725 2108 1909 2173 stragis

431 2194 584 2256 ipsius
611 2194 913 2244 incommoda
940 2194 1189 2258 elevandO,
1225 2192 1429 2244 Caesari
1455 2192 1799 2258 persuaderet,
1827 2192 1908 2242 da-

430 2285 586 2328 turum
614 2294 666 2327 se
694 2295 905 2342 operam,
932 2296 992 2328 ne
1019 2279 1132 2342 quid
1160 2295 1219 2328 ex
1235 2295 1290 2327 eo
1315 2279 1494 2328 nomini
1507 2278 1675 2342 ipsiuS,
1701 2277 1911 2340 gloriae-

433 2378 524 2426 que
558 2362 828 2411 decederet.
854 2362 1001 2411 Talia
1016 2362 1247 2412 Sinanum
1275 2378 1435 2411 secum
1451 2361 1609 2410 animo
1630 2360 1909 2424 agitantem,

432 2451 480 2495 et
506 2444 737 2494 Caesaris
765 2446 1074 2495 offensionem
1113 2447 1426 2495 vehementer
1458 2448 1773 2504 metuentem,
1813 2459 1910 2493 mu-

351 2516 353 2518 ·
431 2530 521 2579 lier
549 2530 957 2593 quaedam-vidua
982 2531 1183 2592 grandis
1209 2535 1349 2590 natu,
1385 2528 1617 2578 Caesaris
1650 2528 1822 2589 amita,
1860 2527 1910 2575 in

430 2613 879 2678 praesentissimum
905 2603 1059 2674 vitae,
1086 2615 1479 2675 fortunarumque
1519 2610 1782 2676 periculum
1806 2611 1910 2659 fere

434 2696 646 2747 adduxit.
1798 2701 1802 2710 '
