2112 3288
435 212 607 256 LXXX
1055 220 1323 255 memnon.

1850 328 1932 372 Lap

971 377 1120 411 LIBER
1146 376 1405 410 SECVNDVS.

438 461 544 522 Cap.
567 462 600 505 Ι.
625 463 692 505 De
715 461 988 519 expeditione
1022 459 1287 503 clancularia
1320 459 1525 503 adversus
1548 460 1766 503 Iaurinum
1789 475 1816 502 a

582 533 837 577 Christianis
860 538 1061 590 suscepta
1093 563 1809 577 .............
1848 530 1936 576 309

439 604 545 663 Cap.
566 605 623 648 ΙΙ.
646 605 714 647 De
741 605 834 647 acie
856 603 1198 647 Christianorum
1232 604 1276 646 in
1310 603 1544 660 irruptione
1576 603 1818 646 laurinensi

581 676 807 719 observata
847 707 1813 720 .................
1850 673 1936 715 311

439 746 544 805 Cap.
566 747 644 790 ΙΙΙ.
665 747 732 790 De
753 753 878 805 capto
900 747 1071 790 Iaurino
1112 778 1810 791 ............
1851 743 1937 786 313

440 818 547 876 Cap.
571 818 647 861 IV.
670 819 738 861 De
759 819 971 875 legatione
995 818 1201 876 Stephani
1235 823 1277 860 et
1298 817 1498 860 Andreae
1519 816 1819 859 Bathoriorum

582 889 638 932 ad
652 889 895 947 Principem
908 889 1260 946 Transylvaniae,
1282 889 1459 946 eiusque
1472 888 1528 931 ad
1542 887 1816 945 Rudolphum

585 960 816 1003 Caesarem
837 961 955 1004 abitu
1026 992 1810 1005 ..............
1850 958 1936 1001 317

443 1032 546 1089 Cap.
568 1031 620 1074 V.
654 1032 724 1074 De
756 1031 940 1075 tumultu
973 1032 1181 1075 Varadini
1223 1032 1421 1087 excitato,
1463 1030 1699 1088 eodemque
1741 1044 1817 1088 per

586 1101 821 1145 Caesareos
841 1103 1003 1159 legatos
1026 1103 1172 1146 sedato
1205 1133 1812 1147 ...........
1852 1100 1939 1143 319

444 1173 551 1230 Cap.
567 1174 640 1219 VI.
655 1174 723 1216 De
739 1176 1016 1218 excusatione
1031 1175 1359 1218 Varadiensium
1374 1174 1431 1216 ad
1444 1174 1689 1231 Principem
1703 1173 1835 1215 missa
1853 1171 1937 1214 321

447 1243 672 1301 Oap.V11.
709 1244 778 1287 De
800 1244 1014 1301 legatione
1042 1246 1319 1287 Tartarorum
1355 1250 1397 1286 et
1430 1243 1824 1301 Transylvanorum

589 1315 891 1373 ultrocitroque
913 1317 1067 1371 missis,
1105 1331 1156 1359 ac
1191 1317 1432 1359 iuramento
1459 1314 1681 1358 Michaelis
1705 1315 1823 1365 Pala-

585 1388 664 1429 tini
685 1387 998 1444 Transalpinae
1035 1420 1816 1433 ..............
1857 1388 1944 1431 323

442 1457 549 1515 Cap.
572 1457 690 1501 VIII.
712 1459 781 1501 De
805 1458 1089 1502 Osanadiensi
1111 1459 1334 1502 obsidione
1356 1460 1531 1516 eiusque
1553 1458 1764 1501 solutione
1805 1451 1834 1504 ,θ
1856 1459 1944 1502 325

445 1528 549 1585 Cap.
571 1529 649 1571 IX.
674 1529 741 1571 De
764 1530 944 1572 victoria
963 1530 1292 1587 Lugasiensium
1315 1545 1370 1573 ex
1386 1528 1586 1573 Barbarie
1610 1535 1827 1587 reportata
1857 1530 1944 1573 326
