2112 3288
405 238 413 243 -
446 202 512 252 96
551 264 553 267 Ι
981 217 1044 250 10.
1072 217 1206 250 Dncn
1230 217 1428 251 BARovn
1484 263 1487 264 ⁷

446 331 633 380 medios
672 331 812 396 ipsos
851 331 1036 392 hostes,
1077 333 1226 382 siita
1266 348 1346 381 res
1384 338 1572 396 poscat,
1613 333 1662 380 in
1697 337 1803 381 tuta
1828 347 1940 383 cum

445 416 618 480 spoliis
646 416 963 465 evadendum.
990 418 1069 465 Ita
1095 417 1334 480 siquidem
1372 418 1500 465 malo
1540 431 1706 465 eorum
1731 417 1835 466 fato
1863 433 1943 466 ac·
1978 477 1983 481 ι

446 499 575 559 cidit,
612 504 665 548 ut
703 498 960 549 Praefecto
998 500 1228 562 Ieniensi,
1269 500 1443 550 solutis
1487 501 1585 549 iam
1623 500 1805 549 castris
1849 500 1946 550 Te-

446 571 878 644 mesvariensibus,
906 583 1098 633 domum
1136 599 1243 633 cum
1281 584 1384 632 suis
1420 583 1656 652 redeunti,
1684 587 1860 633 cuncta
1881 583 1948 633 ‘de

445 665 715 715 imminenti
743 666 1096 731 oppidanorum
1144 667 1362 731 periculo
1412 667 1844 729 renunciarentur3
1868 671 1961 716 ,at-s

448 765 541 812 que
568 750 611 798 is
639 765 695 799 eo
723 750 935 813 cognito,
964 751 1218 814 maiusque
1245 751 1443 813 aliquid,
1484 766 1578 815 quo
1618 751 1714 800 sibi
1738 750 1948 800 insidiae

450 837 793 891 statuerentur,
823 834 1029 882 subesse
1043 839 1194 894 ratus,
1210 834 1280 883 ita
1294 835 1387 882 iter
1404 850 1541 883 suum
1555 835 1861 896 instituerat,
1891 839 1944 883 ut

449 916 684 964 cumiani
724 916 890 964 hostes
928 917 1035 965 loco
1071 917 1214 980 potiti
1252 925 1442 979 essent,
1482 922 1530 966 et
1569 918 1699 981 quod
1735 919 1946 967 futurum

449 1000 697 1063 sperabat,
735 999 921 1063 praeda
961 1001 1198 1063 occupati,
1237 1001 1360 1048 nihil
1396 1005 1660 1064 praeterea
1697 998 1839 1065 pensi
1862 1002 1949 1050 ha-

445 1084 632 1140 berent,
661 1087 759 1130 tum
786 1082 993 1145 primum
1020 1097 1104 1131 eos
1126 1083 1247 1131 -totis
1282 1083 1468 1132 viribus
1509 1084 1797 1134 adoriretur.
1848 1087 1945 1134 Ita-

447 1181 538 1228 que
566 1181 673 1213 eam
698 1170 901 1225 noctem,
930 1180 1055 1228 quae
1084 1166 1266 1215 factum
1302 1168 1589 1230 praecessit,
1639 1168 1689 1215 in
1724 1169 1946 1232 proximo

448 1263 595 1312 page,
622 1263 717 1297 uno
744 1252 931 1297 tantum
957 1249 1157 1298 milliari
1185 1251 1385 1299 distanti
1418 1252 1482 1299 ab
1524 1251 1716 1315 oppido,
1730 1252 1782 1299 in
1797 1252 1946 1301 armis

447 1332 716 1381 insomnem
742 1337 893 1380 totam
919 1333 1196 1395 traducens,
1247 1335 1483 1398 promotis
1523 1339 1635 1383 ante
1672 1334 1830 1384 lucem
1869 1350 1946 1385 co-

448 1415 556 1479 piis,
582 1415 653 1464 uti
678 1419 935 1477 statuerat,
963 1432 1020 1466 eo
1048 1417 1195 1481 plane
1220 1423 1440 1482 tempore
1479 1419 1542 1467 ad
1580 1419 1810 1484 oppidum
1834 1421 1943 1484 p'er—

448 1499 592 1559 venit,
635 1498 828 1562 quando
868 1505 1096 1561 agrestes
1136 1516 1192 1550 eo
1218 1500 1432 1564 incenso,
1457 1502 1688 1566 factaque
1715 1503 1839 1552 satis
1864 1517 1945 1553 co-

447 1583 589 1646 piosa
614 1583 815 1646 praeda,
845 1583 1037 1633 confusi
1061 1584 1188 1633 inter
1216 1600 1285 1645 se,
1323 1591 1592 1650 cunctaque
1631 1586 1943 1644 clamoribus*7

448 1670 496 1713 et
522 1665 655 1714 inani
680 1665 870 1732 laetitia
897 1665 1174 1728 miscentes,
1200 1667 1358 1731 portis
1383 1667 1480 1716 iam
1505 1668 1630 1732 ipsis
1644 1668 1946 1718 effunderen-

446 1755 539 1811 tur;
563 1749 614 1797 in
640 1763 726 1797 eos
751 1749 884 1798 illico
913 1764 1020 1798 cum
1047 1750 1149 1799 suis
1175 1766 1353 1813 magno
1394 1751 1554 1800 animo
1591 1751 1825 1813 invectus,
1874 1753 1947 1802 fa-

448 1834 539 1882 cile
567 1834 810 1894 confusos,
837 1833 1145 1898 inermesque
1186 1832 1457 1897 conturbat,
1508 1840 1655 1898 atque
1691 1835 1743 1883 in
1775 1835 1943 1898 fugam

447 1924 584 1967 actos
610 1933 929 1982 persequens,
956 1934 1184 1981 magnam
1200 1935 1366 1968 eorum
1380 1925 1598 1983 stragem
1626 1919 1739 1981 edit,
1765 1919 1943 1969 multos

445 2002 585 2050 vivos
612 2002 757 2066 capit,
784 2001 1020 2065 plurimos
1041 2017 1099 2051 eo
1127 2002 1296 2065 adigit,
1322 2008 1375 2052 ut
1399 2004 1448 2051 in
1481 2002 1801 2067 profluentem
1823 2004 1944 2065 fuga

445 2085 650 2150 delapsi,
679 2085 783 2133 eius
811 2085 1091 2148 gurgitibus
1131 2086 1354 2150 absorpti
1385 2087 1634 2151 perierint.
1672 2086 1749 2136 Ita
1772 2087 1945 2137 infelix

445 2169 591 2218 turba
629 2168 745 2216 mali
783 2168 963 2231 incepti
1002 2168 1178 2231 dignas
1217 2184 1407 2233 poenas
1448 2171 1550 2232 luit,
1600 2172 1774 2236 paucis
1801 2171 1942 2221 modo

445 2251 646 2315 elapsis,
699 2251 780 2314 qui
820 2251 1105 2300 documento
1145 2252 1258 2301 aliis
1297 2259 1477 2315 essent,
1515 2270 1578 2304 ne
1603 2261 1786 2305 temere
1812 2255 1943 2319 quic·
1980 2270 1983 2273 ·

446 2349 606 2397 quam,
633 2339 682 2383 et
706 2334 835 2382 ultra
859 2334 992 2382 vires
1018 2335 1254 2398 audendo,
1294 2337 1533 2386 consimili
1571 2339 1714 2388 modo
1750 2354 1804 2387 se
1829 2354 1938 2402 per-

443 2417 594 2466 ditum
618 2417 759 2466 irent.
788 2417 848 2465 Id
872 2417 956 2466 ubi
983 2432 1210 2481 sparsum
1235 2419 1329 2469 huc
1366 2420 1484 2470 illuc
1521 2422 1650 2471 inter
1674 2423 1942 2483 Barbaros,

447 2506 496 2550 et
519 2500 987 2565 plerosqueeorum,
1017 2501 1098 2564 qui
1131 2517 1233 2551 rem
1271 2503 1397 2552 hanc
1432 2509 1731 2568 patrassent,
1784 2506 1947 2562 'Fran-⁴

449 2584 738 2648 sylvanicae
773 2584 972 2632 ditionis
998 2585 1153 2634 fuisse
1182 2593 1482 2650 compertum
1507 2590 1624 2639 fuit:
1650 2589 1940 2638 incredibile

446 2667 590 2729 dictu,
618 2673 849 2732 quantum
876 2668 986 2728 odii,
1015 2685 1074 2718 ac
1100 2670 1280 2720 furoris
1307 2671 1380 2720 illi
1393 2672 1443 2721 in
1453 2674 1830 2739 Transylvanos
1844 2674 1939 2723 hoc

442 2747 643 2800 nomine*
697 2752 1020 2816 conceperint.
1074 2752 1173 2802 Sed
1223 2771 1282 2803 ne
1333 2761 1496 2805 tamen
1545 2758 1594 2805 in
1643 2763 1742 2806 tam
1788 2754 1937 2806 dubia

447 2822 607 2884 rerum
635 2846 833 2884 suarum
868 2835 1078 2896 fortuna,
1106 2842 1288 2886 temere
1328 2841 1452 2888 tanti
1489 2841 1714 2891 momenti
1740 2840 1934 2905 provin-

444 2920 567 2967 ciam
589 2920 651 2967 ab
680 2919 890 2982 Imperio
918 2920 1274 2969 abalienarent:
1315 2922 1562 2971 Praefecti
1601 2924 1783 2972 arcium
1820 2923 1933 2972 mis-

443 3002 513 3049 sis
540 3018 601 3051 ex
628 3002 796 3050 ordine
809 3001 1131 3051 Ohausiorum
1147 3005 1405 3065 nonnullis,
1434 3021 1545 3053 num
1572 3006 1676 3054 eius
1703 3007 1825 3055 haec
1850 3015 1931 3054 res
