2112 3288
7 2155 45 2344 'zffffsskss-T‘ffi
5 2074 38 2126 «μ
19 2035 21 2037 .
8 2004 15 2009 ’-
37 1926 42 1928 ¹
10 1835 38 1880 Ψ,
37 1729 40 1736 ”
16 1688 38 1703 ;.-,
6 1542 43 1663 ''suff-¹
6 1479 34 1522 ’““,,“
37 1439 40 1442 ‚
35 1347 38 1349 .
27 1263 36 1287 ,v
32 1222 34 1225 ⁴
8 1002 40 1142 :ww-,7
32 859 34 862 Ι
36 822 40 824 ,
34 777 39 779 ³
36 725 37 730 „
22 561 39 675 ,Ἰ
21 498 37 514 ,t
27 466 30 468 Ι
12 401 34 440 3.-
6 261 39 369 ³⁴:4⁹5*
14 147 39 241 Ἣ.
24 105 26 107 v

600 210 666 242 ma·
686 207 794 241 ΗΕΒ.
825 207 935 241 vno.
963 206 1075 240 nne.
1102 207 1147 240 x.
1175 208 1219 241 L.
1247 209 1310 242 1v.
1517 212 1525 216 -
1645 198 1715 247 67-

204 326 277 375 cis
300 314 649 375 transeundum
675 323 959 373 necessario
1008 323 1128 382 fuit,
1180 337 1294 372 sese
1333 307 1715 376 occultaverant.

203 410 324 459 Mox
347 407 433 458 ubi
458 411 592 456 totus
618 407 958 455 Barbarorum
997 405 1259 461 exercitUS‚
1313 422 1371 455 eo
1410 415 1572 471 ponte,
1625 412 1716 459 sub

202 490 399 557 quo-illi
435 490 676 549 latebant,
702 489 1002 549 transiisset,
1032 504 1219 537 summa
1235 490 1490 540 celeritate
1517 492 1581 540 ad
1601 507 1718 542 suos

199 573 408 634 reversi,
461 588 654 622 omnem
692 571 907 620 hostium
949 576 1244 636 apparatum
1283 569 1386 621 illis
1426 576 1714 624 retulerunt.

202 656 606 722 vesprimienses
649 655 815 719 igitur,
846 650 911 704 ‘re
937 655 1151 718 cognita,
1179 656 1550 706 Ferdinandum
1576 658 1718 708 Zam-

203 741 413 792 marium
427 741 636 792 natione
650 741 831 790 Italum
861 740 1106 789 hominem
1123 741 1309 790 clarum
1339 757 1399 791 ac
1412 743 1718 805 industrium,

201 833 255 878 ut
290 832 481 878 mature
518 825 623 875 arci
685 825 925 883 consulat,
975 829 1190 874 monent.
1242 826 1337 874 Ille
1374 829 1573 890 negotio
1612 843 1719 878 cum

204 911 523 962 Ferdinando
563 894 770 958 ’Comite
824 910 888 957 ab
927 908 1138 957 Hardek
1179 911 1548 974 communicato,
1599 913 1721 960 nihil

201 995 338 1047 aliud
363 995 495 1061 apud
526 1010 636 1044 eum
661 993 885 1060 profecit,
939 1009 1086 1057 quam
1124 999 1178 1042 ut
1216 994 1566 1058 quadringenti
1593 994 1723 1044 Ger·

202 1081 335 1133 mani
382 1079 594 1146 pedites,
645 1094 754 1128 cum
803 1092 902 1127 non
954 1078 1137 1142 exiguo
1177 1085 1452 1128 commeatu
1496 1080 1720 1129 subsidio

205 1164 545 1229 Vesprimium
584 1163 909 1212 mitterentur.
938 1162 1164 1212 Dimissa
1190 1163 1344 1225 igitur
1371 1179 1434 1212 ex
1475 1180 1591 1214 arce
1615 1165 1719 1213 foe-

204 1249 456 1309 minarum,
482 1260 855 1313 puerorumque,
885 1262 945 1296 ac
971 1247 1285 1310 reliquorum,
1325 1248 1407 1311 qui
1437 1250 1500 1297 ad
1538 1248 1721 1298 bellum

205 1332 406 1382 inutiles
431 1332 731 1391 viderentur,
783 1331 944 1391 turba,
997 1347 1086 1395 spe
1128 1332 1313 1391 auxilii,
1364 1333 1429 1381 ab
1456 1333 1721 1382 Hardekio

206 1416 494 1477 confirmati,
521 1417 779 1465 Barbaros
805 1416 1001 1464 omnino
1044 1416 1409 1480 exspectandos
1435 1418 1595 1467 nostri
1622 1422 1722 1466 sta-

203 1506 359 1551 tuere.
388 1499 489 1550 Vix
516 1498 790 1549 imbellium
815 1501 1013 1550 turbam
1028 1500 1332 1561 dimiserant,
1360 1507 1410 1549 et
1433 1501 1723 1551 necessaria

206 1585 272 1634 ad
298 1585 686 1647 sustinendam-
710 1584 1016 1633 obsidionem
1069 1600 1160 1648 pro
1211 1586 1450 1648 temporis
1489 1585 1724 1648 angustia

208 1669 572 1735 disposuerant,
598 1684 707 1718 eum
734 1683 849 1717 ecce
878 1669 1058 1732 ingens
1086 1667 1363 1718 Turcarum
1391 1671 1641 1719 exercitus
1667 1685 1722 1719 se

205 1754 258 1803 in
281 1757 597 1819 conspectum
625 1753 733 1813 dat,
773 1768 832 1802 ac
853 1769 1018 1802 arcem
1046 1753 1428 1818 circumquaque
1461 1759 1600 1803 arcta
1640 1754 1723 1803 ob-

207 1836 400 1887 sidione
426 1837 594 1900 cingit.
635 1837 755 1886 Mox
801 1837 982 1885 castris
1027 1853 1088 1886 ex
1114 1837 1427 1902 praescripto
1455 1838 1620 1901 gentis
1646 1839 1725 1887 fir-

207 1921 426 1971 missime
450 1921 666 1981 munitis,
697 1921 873 1971 vineas
915 1926 964 1970 et
1002 1918 1220 1985 aggeres
1260 1921 1464 1983 iaciunt,
1492 1922 1724 1987 primum-

210 2019 306 2069 que
352 2005 484 2055 diem
546 2005 609 2054 iis
659 2003 893 2070 operibus
933 2006 1254 2055 absoluendis
1293 2013 1594 2057 consumunt.
1646 2009 1724 2056 ln-

210 2093 417 2152 gruente
443 2093 604 2149 nocte,
655 2089 954 2155 Benedictus
995 2089 1191 2139 Fekete
1230 2106 1339 2140 cum
1378 2091 1723 2141 selectissimis

207 2173 400 2237 ,aliquot
438 2173 701 2237 equitibus,
754 2189 869 2222 arce
920 2186 1158 2237 egressus
1207 2175 1257 2223 in
1296 2175 1485 2224 sacello
1514 2176 1726 2239 quodam

213 2271 269 2306 se
295 2256 448 2319 abdit,
499 2262 553 2306 ut
587 2256 905 2307 illucescente
945 2259 1023 2307 die
1050 2259 1306 2308 Barbaros
1344 2259 1415 2307 ibi
1442 2275 1615 2310 secure
1642 2276 1724 2309 va-

211 2343 402 2406 gantes,
430 2357 492 2390 ex
517 2341 787 2406 improviso
815 2343 1084 2392 adoriatur.
1115 2343 1223 2393 Nec
1250 2359 1358 2392 eum
1394 2343 1559 2408 opinio
1584 2344 1725 2393 fefel-

210 2423 284 2486 lit,
311 2425 495 2490 quippe
523 2424 669 2475 simul
695 2442 756 2475 ac
781 2427 959 2488 illuxit,
985 2427 1229 2492 primores
1254 2428 1593 2477 Barbarorum
1619 2443 1726 2476 cum

212 2506 383 2572 paucis
409 2507 668 2558 comitibus
709 2509 773 2558 ad
812 2510 984 2559 vineas
1027 2509 1284 2559 iaciendas
1327 2511 1726 2574 progrediuntur,

215 2604 340 2653 quos¹
385 2590 685 2641 Benedictus
738 2592 931 2642 Fekete
982 2593 1236 2653 incautos,
1305 2593 1719 2657 inopinantesque

217 2687 507 2736 aggressus,
532 2675 691 2725 fundit
717 2681 868 2740 atque
907 2677 1064 2739 fugat,
1095 2682 1144 2725 et
1171 2677 1371 2726 tandem
1401 2678 1450 2725 in
1477 2692 1642 2725 arcem
1669 2692 1725 2726 se

213 2772 369 2807 ovans
387 2759 788 2824 -recipit.Turcae
804 2762 1114 2822 vero,missis
1130 2762 1320 2811 duobus
1336 2762 1527 2810 civibus
1544 2761 1710 2810 Kech-

219 2841 643 2892 kemethiensibus
669 2845 733 2894 ad
770 2851 967 2910 portam
1006 2847 1139 2895 arcis
1166 2878 1181 2883 -
1211 2878 1225 2883 -
1254 2847 1312 2906 is,
1339 2851 1388 2895 et
1413 2860 1533 2894 voce
1570 2861 1726 2909 popu-

219 2926 392 2976 larium
420 2926 687 2989 hortantur,
715 2930 954 2979 obsessos
981 2932 1045 2981 ad
1073 2931 1385 2979 deditionem.
1413 2929 1557 2989 Quod
1584 2931 1627 2979 si
1651 2931 1726 2979 fa-

221 3017 388 3062 cerent
424 3017 695 3076 antequam
736 3030 826 3063 arx
851 3017 1113 3066 tormentis
1140 3020 1406 3080 peteretur,
1434 3015 1728 3066 incolumem

1510 3110 1564 3152 5*
