2112 3288
620 171 685 203 DE
705 169 813 202 ΗΕΒ.
839 167 953 201 vno.
979 168 1091 201 DEC.
1123 173 1165 204 x.
1192 168 1235 200 L.
1264 168 1328 201 1v.
1536 213 1541 216 ι
1666 154 1731 204 77

218 291 429 356 quisque
479 286 695 352 equitum
745 284 855 344 alis,
908 298 1101 332 omnem
1153 282 1275 331 belli
1339 283 1502 332 aleam
1537 283 1735 347 patriae

218 388 373 425 causa
397 371 573 437 cupidi,
601 374 651 419 et
676 370 873 418 alacres
912 366 1140 417 subituri.
1195 364 1320 415 Cum
1359 366 1458 415 dux
1499 366 1737 415 exercitui

219 460 560 524 quaereretur,
590 453 716 504 ethi
740 453 871 502 inter
910 450 1038 500 alios
1075 451 1227 500 rebus
1268 450 1441 514 gestis,
1485 455 1535 499 et
1572 450 1738 512 gloria

217 539 458 604 insignes,
486 539 697 598 Zrinius‚
725 541 774 587 et
799 536 1089 587 Nadasdius
1132 535 1184 584 in
1211 535 1424 584 omnium
1451 535 1621 584 oculos
1647 534 1731 582 in-

152 620 158 626 ’
218 629 490 686 currerent,
517 622 808 673 Hardekius
835 626 1003 670 tamen
1029 620 1091 668 ob
1117 620 1354 668 honorem
1382 618 1488 669 eius
1503 618 1737 667 Praefec-

217 713 377 769 turae,
404 723 502 772 qua
529 707 845 771 fungebatur,
874 705 1216 754 laurinensem
1255 704 1542 767 generalem
1582 702 1733 765 vulgo

217 792 500 858 appellant,
577 807 688 841 eam
737 789 1145 865 praerogativam
1191 787 1390 837 decreto
1431 785 1728 836 Archiducis

172 900 175 903 ·
219 876 345 939 tulit,
373 893 434 927 ac
457 877 510 926 in
534 875 748 926 hostium
776 875 911 924 illico
939 874 1174 924 ditionem
1201 873 1358 923 duxit.
1412 870 1537 921 Cum
1574 871 1737 935 impar

217 961 372 1012 tantis
399 961 607 1012 ducibus
643 962 924 1026 Imperator
978 959 1157 1008 fuisset
1182 957 1469 1022 impositUS,
1521 955 1591 1005 uti
1633 969 1739 1003 cor-

218 1059 356 1111 pore,
382 1046 453 1095 ita
478 1046 641 1095 animo
672 1044 901 1110 pusillus,
929 1059 1002 1104 ac,
1031 1042 1162 1106 quod
1202 1046 1411 1091 eventus
1438 1040 1548 1105 ipse
1576 1044 1739 1089 osten-

221 1128 307 1193 dit,
331 1130 566 1196 perfidus,
593 1145 654 1178 ac
677 1129 915 1194 proditor,
943 1128 995 1177 in
1022 1127 1153 1178 omni
1179 1142 1240 1176 ea
1265 1125 1387 1175 belli
1427 1123 1739 1174 administra-

219 1212 369 1276 tione,
394 1214 518 1264 nihil
545 1214 730 1269 ordine,
756 1213 880 1262 nihil
906 1227 997 1278 pro
1024 1228 1162 1262 more
1189 1209 1407 1270 militari,
1459 1214 1623 1258 actum
1663 1208 1732 1256 fe-

220 1287 348 1361 runt,
372 1297 455 1348 vel
479 1298 854 1348 conniventibus
879 1297 956 1358 iis,
984 1297 1067 1361 qui
1094 1312 1149 1345 se
1176 1295 1431 1360 digniores
1459 1308 1518 1342 eo
1545 1291 1735 1342 honore

222 1387 497 1450 putassent,
525 1379 603 1431 vel
632 1381 704 1430 ita
730 1381 896 1446 potius
933 1380 1219 1443 impellente
1259 1393 1347 1427 eos
1374 1377 1500 1438 Dec,
1550 1380 1603 1425 ut
1641 1391 1738 1425 non

223 1467 427 1528 viribus,
454 1471 540 1515 aut
568 1466 707 1515 ducis
734 1464 918 1526 virtuti,
948 1463 1038 1513 sed
1066 1463 1163 1512 soli
1189 1463 1287 1528 ipsi
1327 1478 1438 1511 eam
1463 1460 1736 1521 victoriam,

224 1565 352 1616 quae
378 1565 493 1600 mox
518 1554 689 1599 secuta
720 1549 838 1610 fuit,
885 1548 1059 1597 merito
1100 1562 1270 1597 omnes
1309 1547 1441 1595 ferre
1475 1532 1736 1610 acceptam

222 1639 444 1701 possent.
474 1635 706 1684 Instabat
755 1634 854 1682 iam
891 1632 1093 1697 hyeme,
1133 1636 1182 1680 et
1221 1631 1407 1680 Sinano
1449 1629 1589 1679 abire
1629 1644 1737 1678 cum

225 1720 330 1770 suis
356 1719 698 1781 contendente,
726 1718 812 1768 alii
840 1732 1034 1783 quoque
1070 1717 1236 1766 finium
1289 1715 1543 1765 Praefecti
1602 1714 1734 1762 idem

221 1804 404 1855 facturi
428 1804 743 1866 videbantur;
770 1818 868 1867 qua
894 1801 1157 1851 occasione
1173 1798 1571 1849 Christianorum
1586 1798 1737 1847 duces

224 1889 501 1940 audendum
527 1889 626 1939 sibi
651 1887 840 1952 aliquid
877 1887 989 1951 rati,
1033 1884 1348 1936 Hardekium
1385 1884 1592 1934 invitum
1630 1884 1736 1932 fere

222 1972 354 2040 (cum
378 1965 425 2025 is
452 1976 731 2025 Turcarum
759 1974 987 2023 discessu
1014 1973 1227 2022 solutum
1268 1986 1323 2020 se
1351 1987 1412 2020 ea
1436 1970 1737 2020 necessitate

223 2059 432 2124 gerendi
458 2059 700 2109 adversus
730 2073 817 2108 eos
843 2057 964 2107 belli
991 2052 1208 2122 putaret)
1250 2071 1309 2105 eo
1349 2054 1658 2119 pertrahunt,
1685 2058 1739 2101 ut

223 2144 275 2193 in
299 2148 441 2193 tanta
466 2143 650 2207 agendi
677 2143 957 2202 occasione,
984 2140 1165 2190 Turcis
1207 2155 1261 2189 se
1303 2139 1366 2188 ad
1398 2138 1638 2188 interiora
1663 2152 1738 2186 re-

230 2228 541 2294 cipientibUS,
568 2243 630 2277 ne
656 2232 824 2277 tantus
839 2227 961 2276 belli
987 2230 1261 2290 apparatus
1287 2223 1539 2273 incassum
1566 2222 1740 2281 abiret,

225 2313 291 2363 ad
315 2312 479 2362 Albae
505 2308 683 2361 saltem
708 2311 918 2375 Regalis
944 2309 1138 2359 moenia
1162 2313 1528 2374 procurrerent,
1578 2312 1631 2356 ut
1669 2307 1740 2354 ita

227 2403 312 2448 aut
337 2397 574 2447 elicerent
621 2397 794 2446 hostes
842 2395 906 2445 ad
957 2410 1190 2461 pugnam,
1242 2398 1327 2443 aut
1357 2393 1535 2442 saltem
1573 2390 1738 2440 Albae

229 2472 466 2532 suburbia
489 2482 824 2542 incenderent,
852 2485 1000 2544 atque
1017 2479 1255 2528 delerent.
1271 2477 1593 2527 Assentiente
1608 2474 1739 2524 Har-

230 2564 393 2627 deki0,
424 2581 517 2615 nec
542 2566 674 2616 ultra
703 2565 969 2630 quidquam
1008 2567 1091 2613 aut
1129 2563 1188 2611 de
1226 2566 1511 2623 commeatu,
1555 2563 1639 2609 aut
1678 2559 1737 2606 de

226 2648 586 2713 impedimentis
612 2650 919 2716 providente,
947 2663 1133 2712 magna
1160 2647 1418 2697 celeritate
1467 2644 1531 2693 ad
1567 2643 1739 2692 urbem

227 2734 534 2798 perveniunt,
564 2735 702 2785 cuius
729 2734 968 2785 suburbia
995 2734 1164 2783 statim
1189 2731 1504 2790 inflammant,
1534 2744 1592 2777 ac
1618 2726 1737 2775 diri-

230 2817 382 2882 piunt,
412 2818 704 2883 Turcasque
732 2835 915 2880 omnes,
969 2819 1052 2883 qui
1089 2817 1158 2867 ibi
1198 2816 1439 2865 stationes
1466 2812 1734 2869 habebant,

229 2901 482 2952 nonnullis
508 2902 557 2951 in
583 2903 899 2952 tumultuario
927 2902 1117 2968 praelio
1148 2898 1458 2956 desideratis,
1499 2897 1630 2944 intra
1656 2910 1739 2958 op-

230 2987 396 3053 pidum
423 2976 731 3052 compellunt.
759 2988 871 3037 Hoc
895 3004 1059 3038 rerum
1086 3001 1321 3037 successu
1361 2982 1590 3045 contenti,
1630 2996 1736 3030 cum
