2112 3288
443 156 508 205 70
964 172 1028 207 10.
1056 172 1189 204 Dncn
1215 173 1413 207 BARovn

439 292 652 352 paretur,
679 293 1040 337 tantae'morae
1078 288 1352 352 impatiens,
1406 306 1466 338 ex
1507 292 1634 339 omni
1674 305 1761 339 suo
1799 305 1936 338 exera

440 371 537 419 citu
563 370 956 434 promptissimos
1009 386 1227 434 quosque
1269 388 1374 420 cum
1429 373 1748 421 Zolnokiensi
1788 371 1938 422 Prac-

446 453 593 513 fecto,
619 453 725 502 viro
752 453 980 517 impigro,
1021 455 1084 502 ad
1120 454 1289 503 hostes
1329 456 1388 504 de
1412 457 1680 520 improviso
1708 455 1940 505 invaden-

445 537 552 597 dos,
577 536 951 600 fundendosque
977 537 1135 585 mittit.
1165 536 1306 586 Tunc
1339 539 1579 604 temporis
1609 538 1798 601 Vngari
1826 553 1940 601 quo-

440 636 548 684 que,
576 620 658 683 qui
693 620 825 668 ultra
853 621 1190 684 Tybiscanam
1217 621 1468 684 regionem
1494 623 1723 681 incolunt,
1781 626 1939 670 trans-

438 704 590 752 misso
617 703 826 763 flumine,
857 719 962 752 cum
991 703 1300 752 citerioribus
1326 720 1423 752 una
1448 705 1544 753 iam
1570 705 1620 753 in
1645 705 1754 753 loco
1783 694 1947 769 copiis

439 803 500 836 ex
530 787 752 836 omnibus
806 786 1025 834 finitimis
1064 787 1328 850 praesidiis
1367 789 1510 848 aucti,
1561 793 1610 837 et
1649 788 1709 836 de
1748 788 1940 836 Bassae
1976 793 1979 797 “

441 870 616 921 castris
644 870 879 919 certiores
916 870 1060 931 facti,
1110 870 1240 920 idem
1279 875 1513 920 statutum
1552 872 1682 935 apud
1717 887 1771 920 se
1791 872 1939 920 habe-

439 956 570 1014 bant,
596 958 649 1002 ut
674 954 830 1017 primo
858 969 1051 1016 quoque
1076 957 1311 1016 tempore,
1341 954 1548 1002 Bassam
1583 953 1707 1002 nihil
1731 954 1834 1003 tale
1859 969 1940 1003 ex-

442 1041 758 1101 spectantem,
784 1036 835 1083 in
862 1036 1041 1083 castris
1069 1035 1415 1098 opprimerent,
1430 1036 1559 1084 haud
1572 1036 1749 1098 ignari,
1776 1037 1940 1086 sicum

442 1120 758 1178 delevissent,
787 1132 1108 1180 quaecunque
1134 1117 1184 1165 in
1210 1118 1389 1165 finibus
1404 1119 1678 1167 Turcarum
1690 1118 1942 1182 praesidia

441 1203 757 1257 haberentur,
808 1201 858 1248 in
898 1215 1064 1248 eorum
1111 1201 1275 1248 statim
1302 1204 1601 1264 potestatem
1629 1216 1939 1251 concessura.

443 1285 629 1334 Verum
655 1299 738 1332 res
764 1282 980 1332 levicula
1007 1281 1134 1331 hanc
1160 1284 1232 1332 eis
1260 1284 1568 1333 occasionem
1596 1284 1853 1348 praecidit,
1880 1285 1942 1333 si-

444 1368 640 1432 quidem
665 1368 794 1415 forte
819 1367 1019 1416 fortuna
1054 1366 1105 1414 in
1144 1366 1386 1415 bominem
1422 1367 1678 1430 quemdam
1705 1354 1945 1431 Transyl-

442 1453 648 1501 vanicae
665 1450 881 1510 ditionis,
903 1465 966 1497 ex
981 1451 1160 1498 castris
1188 1451 1500 1513 Vngarorum
1515 1450 1820 1503 Varadinum
1834 1453 1942 1514 cum

441 1536 518 1595 iis,
545 1550 671 1597 quae
698 1533 758 1581 de
784 1533 885 1581 illis
913 1538 1163 1596 comperta
1203 1533 1432 1594 habebat,
1476 1534 1791 1582 festinantem
1815 1533 1936 1581 inci-

440 1620 626 1675 dentes,
655 1617 739 1666 ille
768 1616 840 1664 eis
881 1620 1012 1663 metu
1051 1617 1321 1679 perculsus,
1374 1617 1502 1665 ultro
1544 1617 1712 1666 statim
1751 1631 1940 1666 omnem

441 1702 754 1763 Vngarorum
782 1715 843 1747 ex
869 1699 1192 1763 praescripto,
1221 1699 1350 1762 quod
1376 1700 1507 1764 apud
1533 1715 1587 1748 se
1614 1699 1846 1761 habebat,
1873 1699 1942 1747 in·

440 1784 634 1833 dicavit.

583 1866 690 1925 Quo
717 1866 791 1914 illi
817 1870 1065 1930 perceptO,
1093 1880 1200 1913 cum
1226 1866 1410 1914 conscii
1447 1881 1645 1915 suarum
1672 1866 1863 1927 virium,
1893 1867 1943 1916 et

438 1950 536 1998 iam
561 1944 688 1998 fessi>
712 1965 903 2013 quoque
931 1948 990 1996 de
1016 1949 1109 2006 via,
1140 1953 1213 1996 tot
1237 1948 1463 1997 hostibus
1490 1950 1685 1998 minime
1706 1935 1861 2014 'pares
1888 1935 1942 1998 se

438 2034 632 2082 futuros
657 2031 1006 2095 intelligerent,
1033 2045 1274 2079 converso
1289 2031 1420 2079 illico
1435 2037 1568 2081 retro
1584 2033 1795 2095 agmine,
1809 2033 1942 2097 fuga,

440 2132 499 2164 ac
528 2117 571 2164 si
596 2116 645 2164 in
672 2114 900 2178 vestigiis
928 2114 1189 2163 haerentes
1216 2109 1387 2164 hostes
1413 2115 1650 2175 viderent,
1669 2116 1808 2180 equis
1822 2118 1940 2167 mul·
1966 2108 1967 2113 ¹

439 2199 502 2246 tis
529 2198 579 2246 in
605 2199 689 2247 via
714 2214 836 2261 prae
861 2197 1155 2247 lassitudine
1183 2197 1396 2258 amissiS,
1425 2199 1590 2248 multis
1618 2215 1644 2248 e
1672 2199 1778 2248 suis
1803 2200 1943 2248 relic·

443 2282 525 2340 tis,
552 2282 616 2329 ad
644 2282 857 2329 Bassam
884 2281 934 2329 in
961 2286 1128 2329 castra
1166 2282 1346 2345 trepidi
1371 2282 1577 2330 rediere.
1618 2281 1662 2330 A
1693 2283 1872 2345 quibus
1898 2283 1942 2331 is

439 2364 498 2412 de
525 2379 579 2412 re
606 2368 709 2411 tota
735 2364 950 2422 edoctus,
1003 2380 1062 2412 ac
1099 2365 1268 2412 hostes
1306 2365 1403 2418 iam
1443 2365 1589 2413 etiam
1631 2381 1720 2429 pro
1760 2366 1941 2414 castris

438 2448 675 2495 affuturos
702 2447 903 2506 veritus,
935 2462 995 2494 ne
1023 2462 1077 2494 se
1102 2447 1152 2494 in
1180 2447 1630 2496 manifestissimum
1655 2448 1938 2512 periculum,

439 2530 665 2577 desertus
693 2545 723 2576 a
751 2529 1116 2592 Transylvanis
1156 2530 1433 2590 coniiceret,
1485 2531 1695 2579 sublatis
1727 2548 1955 2596 propere·

438 2612 588 2672 vasis,
615 2611 858 2674 motisque
886 2608 1079 2667 castris,
1121 2613 1169 2660 in
1208 2614 1319 2661 loca
1353 2618 1486 2663 retro
1513 2615 1698 2664 tutiora
1725 2631 1842 2664 suos
1868 2631 1940 2664 re-

438 2695 589 2744 duxit.
631 2696 709 2751 Ita
736 2694 969 2757 Hungari
1007 2695 1233 2743 frustrati
1260 2696 1354 2744 hac
1387 2711 1489 2760 spe,
1541 2713 1632 2746 nec
1669 2698 1802 2747 ultra
1827 2713 1938 2762 pro-

437 2778 615 2842 gressi,
643 2777 707 2826 ad
733 2777 832 2826 alia
858 2777 1063 2839 gerendi
1089 2778 1208 2826 belli
1236 2779 1442 2827 consilia
1482 2796 1536 2828 se
1575 2785 1936 2830 converterunt.

438 2860 560 2909 Cum
611 2860 683 2907 ita
733 2860 783 2908 in
821 2859 1002 2907 castris
1044 2860 1541 2910 Temesvariensibus
1594 2863 1938 2928 trepidaretur,

436 2952 550 2993 tunc
575 2943 782 2992 nuncius
810 2941 1059 3008 Principis
1087 2943 1217 3007 apud
1242 2944 1467 3006 Bassam,
1496 2960 1674 3012 ,causas
1702 2946 1747 2994 ei
1773 2960 1938 3002 morae
