2112 3288
456 191 489 232 L
985 203 1113 234 1111001
1135 190 1271 234 almos
1292 190 1435 235 1³:125er

456 314 580 361 enim
609 313 667 362 de
696 327 755 361 ea
780 313 985 377 primum
1038 314 1241 363 scientia
1270 314 1465 383 loquar,
1517 328 1640 376 quae
1678 312 1803 360 inter
1829 311 1939 360 reli·

457 413 579 461 quas
604 398 707 446 iure
746 398 918 447 merito
959 398 1140 462 primas
1170 382 1339 446 tenet:
1367 398 1474 461 quis
1501 413 1596 445 non
1622 397 1767 455 videt,
1794 411 1937 459 quam

452 480 688 545 plurimos
714 496 896 545 eosque
935 496 1146 530 summos
1188 480 1474 544 Theologos
1514 484 1561 528 et
1601 480 1813 542 quicum
1840 479 1936 543 qui-

450 565 619 615 busvis
648 565 854 615 aliarum
879 566 1125 615 nationum
1148 565 1487 628 antesignanis
1516 568 1707 613 certare
1732 563 1936 628 possint,

451 655 620 698 nostra
656 651 781 699 haec
822 655 870 698 et
894 656 1082 715 patrum
1120 655 1397 699 nostrorum
1423 654 1562 699 aetas
1590 647 1806 697 viderit?
1857 647 1936 696 Ad

448 734 722 784 Medicinae
774 734 983 784 studium
1034 734 1075 782 si
1130 739 1387 783 convertas
1441 733 1648 782 'animum
1678 750 1688 780 :
1716 731 1934 796 reperies

447 819 666 882 profecto
693 819 952 867 nonnullos
992 818 1073 881 qui
1112 818 1161 866 in
1189 833 1247 866 ea
1275 817 1465 880 quoque
1494 815 1826 874 excelhoerint,
1875 830 1935 864 ac

447 901 706 951 etiamnum
757 902 1001 952 excellere
1056 916 1240 950 summo
1293 900 1451 949 studio
1504 903 1751 949 conentur.
1806 898 1931 948 Nam

446 985 752 1035 laudatarum
804 986 1011 1034 omnium
1051 985 1224 1035 artium
1264 985 1570 1050 procreatrix
1621 983 1857 1047 quaedam
1884 987 1934 1032 et

447 1070 589 1133 quasi
617 1086 797 1135 parens
837 1069 1158 1134 Philosophia
1195 1069 1264 1118 ita
1292 1085 1484 1134 semper
1511 1086 1540 1118 a
1574 1067 1757 1137 nostris
1783 1065 1933 1115 homi-

444 1155 587 1204 nibus
637 1155 833 1203 exculta
858 1154 976 1203 fuit:
1005 1160 1057 1202 ut
1083 1170 1144 1215 ne
1184 1154 1353 1202 doctus
1394 1154 1584 1217 quidem
1622 1154 1672 1201 in
1711 1150 1927 1200 moribus

443 1237 627 1286 nostris
654 1242 927 1297 censeatur,
970 1237 1049 1300 qui
1089 1253 1186 1286 non
1226 1253 1285 1285 ea
1323 1237 1497 1284 saltem
1531 1236 1744 1284 imbutus
1769 1235 1928 1284 fuerit.

444 1321 547 1369 Iam
585 1336 701 1369 vero
728 1320 777 1368 in
805 1320 980 1369 studiis
1007 1319 1295 1382 linguarum,
1335 1320 1385 1367 in
1412 1323 1517 1367 arte
1544 1324 1677 1367 recte
1702 1317 1931 1381 loquendi

443 1419 500 1452 ac
526 1403 788 1463 scribendi,
815 1403 865 1451 in
892 1402 1162 1451 subtilitate
1178 1402 1468 1461 disserendi,
1490 1401 1539 1449 in
1568 1400 1759 1450 dicendi
1783 1401 1931 1450 ratio·

439 1503 514 1548 ne,
542 1502 667 1550 quae
708 1487 802 1536 etsi
840 1486 1176 1551 superioribus
1205 1487 1478 1550 sapientiae
1513 1485 1688 1533 studiis
1723 1485 1827 1534 iure
1854 1499 1931 1533 ce-

441 1571 584 1620 dunt:
613 1570 715 1619 suis
758 1575 921 1619 tamen
961 1570 1329 1619 difficultatibus
1358 1585 1451 1618 non
1479 1574 1658 1626 carent,
1699 1568 1768 1618 ita
1793 1569 1929 1618 multi

439 1655 569 1718 apud
595 1670 683 1703 nos
723 1654 909 1713 eruditi,
950 1654 1019 1702 ita
1058 1654 1118 1703 ad
1158 1653 1438 1701 miraculum
1476 1668 1630 1715 usque
1665 1652 1927 1715 diligentes

439 1739 744 1796 exstiterunt,
772 1744 824 1786 ut
849 1754 988 1787 nemo
1016 1739 1118 1786 fere
1145 1737 1246 1785 illis
1273 1737 1506 1786 minorum
1535 1736 1675 1800 quasi
1710 1735 1925 1799 gentium

439 1823 627 1871 artibus
655 1822 901 1870 studuisse
929 1821 1166 1881 videatur,
1196 1821 1309 1885 quin
1337 1821 1464 1884 quod
1491 1820 1711 1877 voluerit,
1740 1834 1926 1868 summa

438 1923 543 1955 011111
569 1905 714 1954 laude
742 1910 1032 1954 consecutus
1060 1905 1138 1953 sit.
1180 1905 1264 1966 Ac,
1291 1921 1351 1953 ne
1388 1904 1594 1953 ulterius
1620 1902 1925 1967 progrediar,

437 2006 552 2039 vere
568 1989 685 2037 mihi
700 1989 791 2037 hoc
818 1989 986 2037 videor
1014 2004 1125 2038 esse
1153 1989 1382 2045 dicturus,
1411 2005 1471 2036 ex
1503 1987 1724 2037 omnibus
1750 1987 1824 2049 iis,
1841 1987 1922 2051 qui

436 2073 845 2137 praeclarissimis
862 2072 1146 2137 Sapientiae
1163 2073 1337 2122 studiis
1355 2089 1555 2137 operam
1584 2071 1822 2132 dederint,
1838 2071 1921 2121 mi-

440 2158 619 2205 nimam
646 2157 957 2220 egregiorum
987 2174 1044 2206 ac
1064 2157 1303 2220 singulari
1318 2157 1463 2205 laude
1491 2157 1746 2218 dignorum
1762 2162 1923 2222 poeta-

435 2257 538 2290 rum
566 2242 770 2304 copiam,
799 2242 860 2289 ob
876 2258 1037 2290 raram
1067 2242 1316 2290 cuiusdam
1350 2241 1499 2290 divini
1526 2241 1736 2300 afflatus,
1766 2241 1847 2304 qui
1872 2241 1922 2289 111

436 2325 496 2373 110
513 2325 790 2388 requiritur,
807 2326 1104 2386 felicitatem,
1120 2326 1386 2374 exstitisse.
1402 2326 1750 2374 Verumtamen
1765 2324 1813 2371 in
1829 2322 1922 2372 hoc

433 2411 543 2474 ipso
564 2425 777 2470 numero,
793 2410 841 2457 in
871 2425 964 2472 quo
980 2425 1184 2473 perraro
1213 2410 1428 2459 exoritur
1454 2410 1631 2473 aliquis
1658 2409 1919 2469 excellens,

433 2490 527 2542 non
554 2509 737 2558 paucos
766 2510 791 2542 e
817 2494 1002 2541 nostris
1028 2494 1275 2542 nominare
1303 2509 1512 2557 possem,
1552 2493 1634 2556 qui
1661 2508 1766 2541 011111
1794 2507 1917 2541 011111-

435 2562 1078 2647 11110011111110110110101111110
1118 2578 1248 2626 iuxta
1291 2593 1349 2625 ac
1374 2576 1727 2625 recentioribus
1760 2577 1917 2640 poetis

434 2660 606 2709 merito
659 2659 882 2708 contendi
924 2676 981 2707 ac
1019 2660 1293 2723 comparari
1333 2675 1480 2724 posse
1527 2659 1798 2712 videantur.
1850 2661 1918 2710 At

435 2760 550 2793 vero
578 2743 658 2806 qui
674 2744 750 2792 vel
772 2743 1189 2806 Iurisprudentiae
1216 2744 1296 2791 vel
1312 2742 1564 2792 Historiae
1590 2743 1658 2792 ita
1684 2751 1916 2794 navasset

431 2820 643 2891 operam⁷
680 2832 733 2890 *ut
773 2827 1187 2890 qualibuscunque
1227 2827 1411 2890 ingenii
1451 2828 1754 2877 monimentis
1780 2827 1829 2876 in
1856 2845 1913 2878 eo

431 2926 610 2974 genere
638 2917 864 2960 ornasset
902 2911 1181 2960 iuvassetve
1210 2913 1435 2976 patriam,
1471 2914 1519 2961 in
1546 2919 1682 2962 tanta
1708 2913 1914 2962 erlidito-

430 3010 533 3042 rum
575 2995 815 3043 hominum
866 2996 1008 3059 copia
1047 2997 1284 3045 neminem
1330 2998 1433 3045 fere
1485 2997 1719 3060 reperias.
1771 2996 1912 3056 Quod
