2112 3288
5 2567 9 2570 ,
0 2408 10 2527 .ν’.ν··“”··“
0 2380 2 2384 ⁴
0 2334 5 2366 ·⁴⁴··

0 2722 9 2856 ..w-*vam*-

641 203 704 236 ΒΕ
724 200 831 235 Rus.
857 188 972 234 vno.
999 201 1111 234 nne.
1140 202 1185 233 x.
1211 203 1254 234 L.
1282 205 1329 238 x.
1509 200 1518 203 “
1633 189 1732 239 251

235 323 452 372 ‘rumoso
478 320 643 379 fluvio,
681 319 871 378 itinera,
915 318 1092 381 quibus
1119 318 1312 368 Bassae
1344 322 1627 370 necessario
1655 324 1738 372 ab-

238 405 443 465 eundum
481 410 602 465 erat,
642 403 849 454 trecenti
887 402 1081 451 circiter
1114 402 1406 452 insiderant.
1449 404 1612 455 Bassa
1640 407 1739 457 Τὸ-

226 492 466 560 ,ωὸενατο
493 489 766 553 digressuS,
806 491 855 536 et
878 486 976 536 iam
1016 491 1248 551 superato
1276 486 1426 536 fluvio
1465 488 1517 536 in
1554 494 1656 540 tuto
1686 507 1739 540 se

224 575 446 642 'positum
485 579 638 635 ratus,
677 572 1013 622 invalescente
1040 576 1195 631 nocte,
1240 572 1329 620 sed
1353 572 1605 623 funalibus
1633 591 1742 624 eam

237 660 548 710 vincentibus
573 674 631 708 eo
657 674 817 723 usque
843 671 1144 722 progressus
1173 661 1261 717 est,
1303 656 1460 707 donec
1485 658 1533 707 in
1558 675 1740 724 pagum

235 746 432 796 tandem
458 744 697 810 quendam
724 744 1005 793 diverteret.
1032 741 1249 802 Pedites,
1278 757 1386 791 cum
1414 758 1475 792 ex
1489 744 1740 794 funalibus

237 831 522 895 crebrisque
542 829 738 895 lychnis
760 834 907 879 noctu
920 827 1326 877 interlucentibus
1341 827 1604 878 adventum
1618 830 1740 879 Bas-

236 932 325 967 sae
351 916 717 980 cognovissent,
755 915 984 979 imposito
1013 913 1163 962 sociis
1191 912 1405 974 silentio,
1430 914 1616 964 tamdiu
1642 915 1743 979 qui-

236 1005 456 1062 everunt,
483 1000 637 1050 donec
661 1000 915 1050 Barbaros
955 998 1382 1064 appropinquasse
1422 1000 1738 1065 comperiunt.

237 1086 355 1137 Mox
374 1086 668 1150 intempesta
693 1090 836 1134 nocte
852 1085 1107 1134 Barbaros
1122 1083 1492 1148 aggrediuntur,
1509 1089 1558 1134 et
1572 1100 1740 1134 omnes

241 1172 362 1232 fere,
375 1172 546 1237 paucis
560 1173 682 1236 fuga
699 1171 900 1237 elapsis,
916 1170 1176 1220 trucidant.
1204 1171 1263 1219 In
1285 1169 1564 1235 elapsorum
1578 1186 1741 1220 nume-

238 1271 294 1306 ro
307 1254 400 1306 fuit
412 1260 462 1305 et
474 1256 653 1318 Bassa,
690 1256 892 1320 quicum
908 1271 969 1304 ex
984 1254 1311 1304 Facsadiensi
1326 1254 1467 1304 clade
1483 1256 1743 1316 evasisset,

241 1342 434 1392 cladem
458 1348 623 1392 tamen
661 1341 799 1402 hanc,
834 1341 923 1390 illa
950 1341 1270 1411 acerbiorem
1298 1345 1618 1412 praevertere
1644 1355 1742 1390 non

238 1427 424 1492 potuit:
452 1427 633 1493 quippe
660 1427 931 1477 domestica
945 1441 1141 1491 semper
1167 1427 1344 1488 magis,
1373 1442 1514 1490 quam
1543 1427 1742 1491 publica

237 1511 462 1561 homines
500 1511 733 1586 afficiunt.
796 1514 874 1562 Ita
913 1526 1267 1577 saepenumero
1318 1511 1499 1560 fatales
1549 1527 1739 1576 poenae

239 1595 427 1646 differri
451 1602 672 1662 possunt,
698 1597 847 1646 vitari
872 1602 1132 1662 nequeunt.
1159 1594 1321 1661 Capta
1346 1602 1460 1646 sunt
1486 1600 1534 1645 et
1556 1597 1740 1655 ablata,

242 1686 446 1748 praeter.
468 1698 696 1747 magnum
724 1697 976 1732 numerum
1003 1681 1267 1731 illustrium
1291 1681 1591 1749 feminarum,
1619 1697 1743 1746 quas

237 1766 288 1816 in
311 1766 495 1818 tutiora
520 1767 763 1833 primores
784 1768 1119 1817 Barbarorum
1146 1766 1462 1816 abducendas
1490 1767 1742 1828 curabant,

238 1852 435 1903 LXXV
497 1853 694 1903 circiter
742 1853 968 1919 plaustra
1029 1852 1405 1917 pretiosissimis
1469 1853 1742 1917 quibusque

240 1937 477 1987 clenodiis
503 1938 846 1999 refertissima,
886 1938 1064 2002 quibus
1104 1943 1337 2002 quantam
1375 1937 1619 1987 voluerint
1656 1954 1743 2001 ga-
1819 1952 1821 1954 ·

241 2039 350 2083 zam
375 2023 579 2073 barbari
605 2023 835 2085 avehere,
862 2039 924 2073 ne
951 2023 1206 2073 aestimari
1234 2023 1430 2087 quidem
1467 2024 1615 2072 facile
1639 2028 1744 2087 pot-

241 2112 330 2158 est.
382 2108 514 2158 Illud
549 2113 685 2157 certe
725 2114 934 2166 constat,
975 2125 1003 2157 a
1029 2109 1340 2173 paucissimis
1365 2108 1603 2173 plurimos
1630 2122 1742 2157 esse

239 2207 426 2254 caesos,
465 2197 601 2242 tanto
634 2197 832 2260 tamque
859 2194 1081 2244 mirando
1109 2210 1215 2243 cum
1243 2209 1492 2255 successu,
1531 2199 1584 2244 ut
1621 2209 1739 2258 pau-

239 2277 453 2328 cissimis
479 2277 678 2327 amissis
699 2278 922 2343 plerique
951 2279 1188 2329 victorum
1217 2279 1523 2344 amplissime
1560 2278 1744 2328 fuerint

240 2379 300 2413 ea
337 2363 523 2428 praeda
562 2363 716 2413 ditati.
759 2363 838 2413 Ita
875 2381 970 2414 non
1009 2365 1284 2427 multitudo,
1329 2364 1417 2414 sed
1458 2363 1624 2412 divina
1661 2364 1743 2412 be-

239 2447 457 2512 nignitas
485 2449 741 2499 consuevit
766 2450 1024 2500 victoriam
1051 2467 1246 2516 parare.
1288 2450 1483 2499 Accidit
1497 2447 1589 2498 hoc
1611 2449 1742 2497 circa

243 2531 489 2583 kalendas
516 2534 809 2584 februarias.
