2112 3288
30 969 33 974 .
1 499 49 961 {Wfflffisssffgss-K'Jffissff
4 416 37 493 ‘21⁹⁸‘-
7 396 19 404 .-

3 1172 38 1466 wewam
5 1098 34 1137 ἢ]
8 982 41 1067 ‚⁸442

638 216 702 249 DE
729 215 837 248 nnn.
867 213 980 249 vno.
1009 214 1120 248 nnc,
1149 215 1197 248 x.
1226 216 1270 250 L.
1297 217 1360 251 ιν.
1531 213 1536 215 ·
1675 203 1744 256 88

236 331 490 391 statuerat,
506 331 667 381 disiici
694 331 937 390 iussisset,
965 329 1086 379 nihil
1113 336 1278 380 tamen
1305 332 1479 392 effecit,
1508 348 1615 382 cum
1634 334 1669 381 ii
1695 334 1746 382 in

234 430 402 465 omnes
427 421 599 480 partes
626 414 785 477 effusi,
814 430 912 478 qua
937 414 1185 478 integrum
1212 415 1387 479 cuique
1426 416 1617 478 fuisset,
1645 417 1746 466 via-

233 514 339 549 rum
364 487 655 565 compendia
680 498 850 557 secuti,
881 499 1178 548 evasissent.
1210 501 1289 548 Ita
1311 515 1418 548 cum
1431 500 1606 564 paucis
1634 501 1747 549 Bel-

231 583 439 646 gradum
467 584 659 633 demum
698 582 974 648 appellens,
1017 583 1188 633 statim
1230 582 1451 632 dimissis
1492 584 1642 633 etiam
1668 598 1748 632 co-

228 667 340 731 piis,
367 668 430 718 iis
457 668 683 729 maxime,
712 683 839 731 quae
866 667 995 716 inter
1022 667 1281 729 praesidia
1308 665 1548 717 Caesaris
1584 683 1748 717 nume-

232 756 419 814 rantur,
447 768 663 818 suasque
690 753 932 802 stationes
959 752 1010 801 in
1035 751 1169 801 Aula
1204 750 1402 812 habent,
1430 751 1491 800 de
1531 766 1589 801 eo
1617 750 1748 813 cogi-

229 841 340 886 tare
365 837 543 902 coepit,
579 837 822 901 quomodo
849 851 1050 885 causam
1087 851 1243 895 suam,
1273 836 1317 885 si
1345 836 1462 900 quid
1489 837 1551 885 de
1600 852 1659 885 eo
1685 835 1750 884 si-

231 920 377 969 nistri
402 926 739 986 spargeretur,
769 919 983 970 Caesari
1007 921 1260 985 probaret.
1295 920 1469 970 Missis
1503 920 1673 984 itaque
1698 919 1749 967 in

232 1003 415 1055 Aulam
441 1019 640 1055 suorum
666 1004 867 1066 intimis,
895 1005 1132 1054 mandata
1158 1004 1230 1055 eis
1259 1004 1410 1066 dedit,
1427 1010 1481 1054 ut
1506 1002 1747 1054 Caesaris

230 1088 473 1154 imprimis
499 1088 714 1138 animum
752 1093 1157 1152 praenoscerent,
1212 1093 1261 1137 et
1312 1089 1356 1137 si
1394 1088 1747 1152 intelligerent,

232 1174 373 1237 queri
399 1171 684 1234 Caesarem,
713 1174 820 1223 eius
847 1173 995 1237 culpa
1021 1189 1126 1223 rem
1154 1190 1185 1222 a
1211 1173 1432 1222 Budensi
1469 1172 1598 1222 male
1637 1186 1748 1235 ges.-

201 1293 203 1295 -
231 1264 332 1321 tam
359 1273 487 1319 esse,
518 1274 626 1308 eam
654 1276 685 1308 a
711 1274 767 1308 se
792 1260 864 1308 ita
902 1263 1241 1321 removerent,
1282 1264 1336 1308 ut
1375 1262 1675 1317 assererent,
1717 1271 1747 1304 a

234 1341 502 1393 Germanis
527 1343 574 1392 ei
599 1344 880 1407 impositum
916 1345 1090 1401 fuisse,
1130 1345 1213 1408 qui
1252 1359 1342 1408 spe
1381 1344 1523 1409 pacis
1548 1343 1745 1402 iniecta,

230 1431 346 1493 post
372 1427 479 1476 eius
506 1427 782 1477 discessum
820 1428 886 1477 ad
924 1426 1163 1477 sumenda
1201 1443 1342 1476 arma
1385 1443 1441 1477 se
1475 1432 1638 1477 mutuo
1667 1442 1745 1475 co-

230 1511 416 1560 hortati
440 1511 667 1560 fuissent.
694 1514 774 1562 Ita
802 1512 931 1561 enim
946 1511 1279 1561 Archiducem
1292 1512 1554 1561 Matthiam
1575 1525 1746 1561 secum

227 1595 556 1659 transegisse,
586 1597 724 1646 cuius
750 1597 824 1645 rei
851 1597 957 1645 eius
987 1596 1181 1657 literae,
1222 1611 1348 1659 quas
1387 1594 1600 1644 Caesari
1638 1595 1745 1643 mit·

227 1684 370 1738 teret,
394 1684 553 1729 testes
583 1685 768 1742 essent,
803 1681 946 1730 modo
986 1681 1257 1730 exercitum
1295 1680 1568 1741 reduceret,
1608 1679 1745 1744 lega-

228 1768 331 1825 tum
357 1779 414 1814 se
434 1764 504 1814 ad‘
525 1780 636 1814 eum
662 1766 891 1815 continuo
920 1750 1226 1829 Belgradum
1253 1765 1314 1815 de
1340 1781 1465 1830 pace
1481 1765 1744 1814 missurum

231 1862 361 1899 csse.
390 1848 504 1898 Hac
530 1864 621 1915 spe
649 1847 889 1911 delusum,
931 1850 982 1898 in
1026 1865 1136 1898 eum
1163 1864 1386 1898 errorem
1410 1848 1662 1911 incidisse,
1690 1852 1744 1897 ut

229 1932 571 1983 laborantibus
597 1934 700 1984 suis
726 1934 777 1982 in
800 1939 1022 1998 tempore
1049 1947 1192 1998 opem
1218 1935 1351 1983 ferre
1388 1949 1488 1983 non
1514 1933 1744 1998 potuerit,

228 2017 439 2081 ideoque
464 2018 614 2068 venia
641 2018 857 2082 dignum,
888 2018 1019 2082 quod
1045 2018 1198 2067 alieni
1213 2019 1419 2068 sceleris
1435 2017 1630 2083 culpam
1645 2032 1743 2066 non

230 2101 328 2151 sibi
354 2103 675 2164 subeundam,
698 2103 789 2152 sed
804 2104 867 2152 ab
878 2103 1108 2167 ipsismet
1123 2103 1415 2154 authoribus
1430 2104 1536 2153 eius
1551 2117 1741 2168 poenas

231 2187 538 2251 expetendas
565 2193 717 2253 putet.
771 2187 827 2237 Si
859 2188 982 2237 haec
1022 2194 1071 2237 et
1096 2188 1278 2237 similia
1303 2204 1401 2238 non
1427 2186 1742 2252 proficerent,

230 2276 401 2320 contra
426 2272 638 2333 nimiam,
666 2268 940 2322 invidorum
965 2273 1742 2338 praesertim,malevolorumque

226 2356 512 2420 potentiam,
539 2371 744 2422 quorum
784 2357 974 2406 animos
1014 2358 1242 2407 fortunae
1283 2373 1404 2407 suae
1428 2356 1742 2421 indulgentia

227 2437 327 2488 iam
351 2439 541 2505 pridem
568 2447 742 2491 contra
769 2457 823 2491 se
852 2442 1128 2504 efferasset,
1159 2444 1330 2492 oblata
1355 2443 1544 2506 ingenti
1568 2442 1619 2491 vi
1632 2441 1742 2491 auri

230 2520 499 2581 Caesarem
526 2526 622 2575 sibi
656 2527 993 2576 conciliarent.

1466 3121 1519 3163 e*
