2112 3288
95 512 97 515 .
76 276 98 310 κῆ,

101 243 115 275 ,,

652 145 718 179 nn
741 144 856 181 31113.
882 148 995 180 vno.
1026 147 1134 181 nnc,
1163 148 1209 182 Χ.
1235 149 1280 180 L.
1306 150 1351 182 v.
1690 135 1757 185 87

249 271 300 316 et
323 264 524 329 copiosa
549 262 742 327 praeda
769 262 831 311 ad
849 277 981 322 suos,
1013 267 1221 311 ovantes
1247 263 1296 310 in
1323 270 1491 312 castra
1505 270 1756 316 revertun-

245 355 338 398 tur.
365 346 563 406 Turcis,
593 359 688 410 quo
715 345 873 394 minor
899 346 1078 395 caedes
1105 350 1256 407 esset,
1272 346 1463 410 sylvae,
1492 352 1540 395 et
1566 347 1755 395 viarum

244 431 525 496 angustiae,
553 430 626 480 uti
651 430 701 478 in
727 429 936 493 regione
962 429 1572 493 submontana,praesidio
1601 431 1753 478 fuere.

241 514 370 566 Nam
395 513 670 578 peditatus,
723 513 853 578 quod
889 513 1074 563 lentius
1108 513 1509 576 subsequeretur,
1563 513 1753 576 praelio

239 599 498 659 interesse,
549 597 899 661 fugientesque
936 597 987 646 in
1024 596 1148 646 locis
1186 596 1351 657 arctis,
1404 601 1453 644 et
1502 595 1753 660 peditibus

237 682 429 733 idoneis
454 681 814 747 prosequissnon
839 680 1011 747 potuit.
1051 682 1182 731 Dum
1220 680 1293 729 illi
1330 681 1401 729 ita
1426 696 1530 729 rem
1558 687 1750 743 gerunt,

226 767 322 832 ‘qni
346 767 397 817 in
423 765 602 816 castris
629 771 785 826 erant,
812 764 967 816 nihilo
995 765 1199 829 segnius
1238 764 1595 830 oppugnationi
1622 764 1753 813 arcis

236 851 489 915 insistunt,
527 866 588 900 ac
624 851 782 915 primo
823 849 1008 915 duplici
1046 848 1257 914 oppid0,
1317 848 1562 914 profunda
1598 849 1751 897 fossa.

235 950 471 1000 muroque
495 934 664 999 ligneo
691 935 903 992 munim,
958 934 1136 984 deinde
1182 950 1298 984 arce
1336 933 1548 998 quadam
1585 938 1752 982 terrea

232 1035 325 1086 per
349 1019 450 1069 vim
475 1020 745 1086 potiuntur.
800 1019 946 1080 Quod
970 1019 1210 1080 videnteS,
1263 1019 1346 1083 qui
1384 1018 1436 1066 in
1461 1017 1748 1067 interiorem

199 1174 203 1178 Π
234 1120 416 1167 arcem,
468 1106 689 1170 egregie,
742 1110 792 1154 et
830 1120 1001 1170 opere,
1055 1109 1104 1154 et
1148 1104 1246 1153 loci
1284 1109 1462 1153 natura
1502 1103 1749 1157 munitam,

235 1190 417 1257 quippe
444 1189 494 1239 in
518 1205 642 1255 rupe
669 1190 831 1250 sitam,
859 1189 1199 1253 confugerant,
1229 1189 1289 1238 de
1317 1188 1566 1237 deditione
1581 1189 1750 1251 agunt,

232 1273 718 1338 incolumitatemque
756 1273 903 1338 pacti,
959 1289 1067 1323 cum
1095 1273 1260 1333 armis,
1314 1278 1363 1322 et
1389 1273 1567 1337 quibus
1594 1269 1750 1320 induti

235 1364 391 1420 erant,
418 1359 658 1420 vestibus,
712 1357 966 1421 uxoribus,
1018 1363 1067 1406 et
1105 1357 1330 1422 parvulis
1369 1373 1467 1406 una
1507 1355 1746 1414 abductis,

235 1459 352 1494 arce
392 1443 634 1494 excedere
660 1443 1021 1508 permittuntur.
1049 1441 1236 1492 Eorum
1270 1456 1503 1491 numerus
1544 1430 1748 1501 fuitsvi-

233 1542 401 1579 rorum
441 1532 492 1578 et
531 1527 843 1588 feminarum,
872 1541 1236 1591 puerorumque
1263 1526 1423 1588 simul,
1465 1526 1629 1588 capita
1668 1523 1746 1572 bis

232 1611 382 1673 mille,
410 1617 460 1662 et
485 1611 822 1676 quadraginta
849 1610 1078 1675 quinque,
1107 1611 1190 1674 qui
1215 1610 1265 1659 in
1291 1611 1441 1673 longo
1472 1609 1585 1672 oti0,
1603 1613 1652 1657 et
1676 1624 1750 1656 re-

232 1712 339 1747 rum
366 1697 579 1768 omnium
618 1695 890 1758 affluentia,
931 1701 981 1745 et
1019 1699 1247 1759 quaestu,
1284 1701 1334 1745 et
1370 1695 1560 1760 rapinis
1603 1693 1747 1747 aucti,

231 1781 523 1832 incredibile
550 1780 698 1842 dictu,
725 1785 960 1845 quantam
985 1780 1323 1844 pretiosarum
1351 1779 1507 1829 omnis
1548 1778 1748 1842 generis

231 1865 610 1933 supellectilium
647 1864 759 1926 vim,
804 1868 970 1913 terrae
1021 1863 1286 1923 defossam,
1338 1863 1408 1912 ibi
1444 1862 1746 1926 reliquerint,

232 1949 374 2011 adeo,
399 1954 454 2000 ut
478 1965 568 2016 per
596 1949 879 2014 complures
907 1947 1013 1997 dies
1041 1952 1090 1996 et
1114 1953 1285 1997 noctes
1326 1948 1377 1996 in
1403 1947 1597 1996 aedium
1623 1947 1747 1996 locis

234 2034 376 2099 (igne
402 2034 645 2099 siquidem
674 2037 897 2093 exustae,
925 2037 975 2081 et
1002 2030 1110 2082 solo
1139 2037 1383 2096 aequatae
1399 2047 1569 2080 omnes
1585 2029 1745 2096 erant)

230 2119 350 2170 totis
401 2118 583 2169 castris
647 2118 712 2166 ad
762 2116 1142 2180 investigandas
1206 2116 1446 2165 eiusmodi
1510 2116 1745 2175 serobes,

232 2215 414 2269 resque
463 2203 514 2252 in
566 2202 640 2252 eis
690 2201 972 2258 reconditas
1020 2201 1282 2263 eruendas,
1323 2215 1610 2250 concursum
1643 2200 1780 2249 fue-'

232 2288 336 2338 rit:
387 2302 567 2351 magno
619 2286 771 2337 totius
825 2287 1072 2336 exercitus
1113 2287 1452 2347 emolumentO,
1495 2290 1543 2334 et
1570 2283 1745 2334 alacri-

229 2378 332 2422 tate
381 2371 623 2422 militares
674 2385 862 2421 omnes.
896 2373 1096 2422 labores
1148 2371 1404 2421 subeundi.
1470 2370 1568 2419 Hic
1619 2370 1744 2418 Tur-

230 2471 399 2507 carum
462 2457 676 2506 feminae
741 2456 852 2507 dolo
904 2472 1057 2519 usae,
1123 2457 1253 2522 quod
1301 2459 1538 2521 putarent
1589 2470 1644 2504 se
1683 2470 1744 2502 ex

228 2538 530 2607 pacto,'(cum
538 2538 615 2606 eo)
627 2542 759 2607 quod
773 2557 940 2592 secum
949 2542 1148 2592 auferre
1162 2546 1380 2608 possent,
1393 2541 1551 2589 libere
1562 2539 1745 2589 disces-

231 2640 404 2688 suras,
464 2641 612 2687 aur0,
665 2627 877 2691 aliisque
925 2627 1077 2676 rebus
1140 2626 1375 2692 pretiosis
1435 2638 1524 2688 pro
1589 2624 1744 2672 cuius-

231 2722 326 2772 que
375 2709 518 2774 copia
557 2711 627 2760 ita
665 2726 721 2760 se
771 2716 1066 2773 onerarant,
1127 2715 1180 2759 ut
1231 2712 1601 2775 praegravante
1655 2722 1745 2755 eas

230 2792 464 2857 pondere,
490 2793 574 2851 vix
600 2794 831 2845 incedere
859 2801 1077 2860 possent.
1116 2794 1262 2855 Quod
1289 2791 1743 2842 animadvertentes

231 2875 427 2937 milites,
455 2876 692 2928 detractis
717 2880 945 2941 sarcinis,
973 2879 1037 2929 ad
1063 2880 1158 2929 iter
1181 2877 1455 2942 expeditas,
1508 2877 1743 2938 levesque

231 2974 319 3009 eas
368 2959 701 3010 reddiderunt.
768 2964 847 3012 lta
896 2962 1128 3012 Filekum
1186 2966 1301 3027 post
1325 2955 1654 3016 tricesimum,
1695 2964 1744 3007 et
