2112 3288
525 189 589 221 DE
615 187 724 220 nne.
751 186 861 219 VNG.
888 186 1061 219 nnax.
1091 186 1135 219 L.
1165 187 1210 220 X.
1505 200 1513 203 -
1561 173 1663 223 239
1698 212 1702 217 ,

162 305 247 356 ubi
278 305 519 355 Ieremias
559 302 791 365 Vajvoda
831 302 1036 366 accepit,
1076 301 1249 350 rivalis
1278 302 1354 350 sui
1382 303 1669 353 aemulatio-

161 405 224 438 ne
261 403 544 446 succensus,
584 386 757 435 accitis
795 385 1093 434 Polonorum
1131 385 1346 446 auxiliiS‚
1387 392 1435 435 et
1474 401 1665 451 compa-

165 473 306 538 ratis,
335 471 655 535 undecunque
680 469 852 535 potuit⁷
879 469 1011 518 haud
1039 469 1408 518 contemnendis
1422 470 1671 518 variarum

167 557 387 622 gentium
425 556 595 621 copiis,
647 555 846 604 obviam
885 552 1137 616 Stephano
1177 553 1437 616 processit.
1492 555 1545 602 Is
1586 554 1670 602 ubi

170 639 369 702 nullam,
395 639 622 705 opinione
650 654 741 687 sua
766 638 1001 699 deiectus,
1027 637 1124 686 nisi
1148 637 1198 686 in
1222 637 1427 686 victoria
1442 653 1580 702 spem
1595 654 1672 689 sa-

168 725 284 776 lutis
309 724 550 788 reliquam
577 739 690 772 esse
715 723 864 772 vidit:
891 723 1146 772 instructis
1173 723 1431 772 confestim
1449 738 1539 787 pro
1552 728 1671 773 tem-

165 825 288 875 pore
315 826 374 859 ac
387 825 588 859 numero
607 809 785 873 copiis,
812 809 1006 872 signum
1022 823 1219 873 pugnae
1235 808 1343 857 dari
1368 808 1516 857 iubet.
1546 807 1675 858 Con-

171 894 382 945 curritur
419 894 672 954 acerrime,
701 873 959 955 fit⁰ingens
987 892 1184 952 caedeS,
1227 892 1315 940 sed
1354 891 1426 940 ita
1450 896 1505 941 ut
1533 891 1678 941 Polo-

167 979 246 1029 nis
297 979 576 1042 ceterisque
642 978 892 1043 Moldavis
966 977 1125 1040 primo
1179 977 1364 1041 impetu
1413 976 1679 1039 inclinatis,

167 1054 341 1129 parum
379 1064 574 1115 omnino
602 1052 831 1124 abfuerit,
873 1054 990 1127 quin
1029 1062 1287 1111 tormentis
1322 1062 1468 1111 etiam
1511 1077 1678 1111 eorum

168 1148 328 1198 nostri
351 1148 496 1213 potiti
520 1147 716 1196 fuerint.
746 1145 846 1195 Sed
872 1162 1000 1208 ecce,
1029 1147 1140 1195 dum
1157 1146 1352 1211 pedites
1379 1146 1537 1195 nostri
1553 1161 1680 1195 sum-

169 1249 250 1283 ma
275 1233 459 1282 virtute
473 1247 578 1282 rem
594 1236 786 1295 gerunt,
814 1247 926 1281 mox
940 1236 1142 1296 praeter
1158 1245 1295 1295 spem
1312 1231 1525 1281 omnium
1539 1231 1677 1280 initio

172 1319 324 1382 fugae
375 1333 405 1366 a
442 1315 625 1366 Siculis
678 1316 926 1380 equitibus
967 1315 1277 1380 (Primipilos
1327 1315 1423 1380 ipsi
1475 1319 1679 1377 vocant)

170 1401 302 1451 facto
326 1400 552 1466 plerique
578 1403 861 1450 nostrorum
887 1405 1033 1463 terga
1059 1404 1268 1461 vertunt,
1310 1406 1358 1449 et
1384 1416 1480 1464 qua
1508 1401 1684 1464 cuique

170 1485 445 1550 proximum
472 1485 1010 1549 commodissimumque
1053 1485 1208 1534 visum
1236 1491 1327 1547 est,
1371 1487 1466 1535 huc
1492 1487 1609 1535 illuc
1634 1484 1685 1532 in

171 1568 348 1633 sylvas
381 1568 655 1631 diffugiunt.
696 1567 980 1632 Stephanus
1008 1568 1254 1632 Vajvoda‚
1296 1575 1560 1634 postquam
1600 1586 1686 1634 po-

175 1651 433 1716 pularibus
474 1653 592 1714 suis,
640 1652 818 1716 quibus
858 1667 913 1700 se
953 1652 1246 1715 crediderat,
1274 1654 1522 1704 immixtus
1550 1669 1686 1703 acer-

174 1736 298 1786 rime
323 1751 497 1785 manus
513 1752 621 1786 cum
634 1736 860 1786 hostibus
878 1737 1230 1800 conseruisset,
1255 1744 1485 1803 totusque
1510 1756 1682 1792 cruore

172 1819 396 1870 madidus
424 1822 583 1870 solum
622 1835 676 1870 se
705 1836 812 1870 cum
837 1822 1011 1886 paucis
1039 1822 1265 1872 relictum
1291 1825 1516 1885 vidisset,
1545 1832 1682 1876 ratus

172 1902 359 1953 nullum
397 1904 467 1953 ibi
506 1905 676 1961 virtuti
715 1905 943 1970 amplius,
973 1906 1061 1955 sed
1085 1907 1235 1970 fugae
1262 1908 1419 1957 locum
1448 1926 1573 1971 esse,
1603 1913 1686 1961 ad-

174 1987 327 2038 misso
355 2003 484 2052 equo
523 1989 575 2037 in
610 1990 865 2054 proximas
900 1991 1073 2054 sylvas
1102 1993 1277 2053 evasit,
1317 1993 1428 2042 inde
1462 1995 1512 2043 in
1540 1996 1688 2059 quod-

177 2071 286 2122 dam
302 2063 695 2136 Oaloergodrum
711 2072 1054 2137 (Calugyeros
1081 2077 1177 2141 ipsi
1205 2077 1398 2127 nomine
1427 2095 1489 2128 ex
1503 2096 1689 2143 graeca

173 2159 345 2223 lingva
390 2162 622 2222 corrupto
667 2161 870 2218 vocant)
922 2159 1280 2210 Monasterium
1318 2163 1572 2212 reficiendi
1615 2165 1690 2214 sui

176 2258 329 2294 causa
355 2242 570 2292 divertit.
599 2243 682 2292 Ibi'
705 2258 875 2293 somno
919 2244 1189 2309 laboreque
1217 2248 1440 2311 sepultus
1468 2249 1532 2298 ad
1558 2251 1690 2300 Iere-

175 2329 322 2378 miam
348 2325 627 2378 Vaivodam
654 2329 896 2378 abductus
922 2330 1028 2391 fuit,
1056 2335 1105 2379 et
1129 2331 1339 2396 primum
1379 2333 1573 2396 quidem
1609 2351 1690 2384 au-

174 2413 334 2473 ribuS‚
384 2412 688 2476 naribusque
737 2418 1018 2476 truncatus,
1074 2415 1251 2464 deinde
1295 2418 1412 2482 palo
1454 2419 1687 2468 crudelis-

177 2497 300 2545 sime
350 2495 529 2546 affixus
570 2501 670 2558 est,
734 2497 935 2547 multum
998 2500 1295 2564 deprecante
1359 2518 1445 2562 eo,
1483 2518 1545 2551 ne
1582 2509 1682 2552 tam

179 2580 286 2629 diro
334 2580 544 2644 supplici
580 2597 764 2644 genere
814 2583 987 2633 insons
1038 2585 1331 2636 afficeretur.
1383 2587 1584 2636 Periere
1636 2593 1683 2635 et

174 2681 202 2715 e
238 2664 538 2730 primoribus
565 2664 882 2729 Vngarorum
910 2669 1112 2733 aliquot,
1165 2671 1292 2720 inter
1330 2686 1453 2735 quos
1491 2672 1582 2719 fuit
1629 2677 1681 2719 et

183 2749 479 2800 Valentinus
531 2747 691 2814 Geg6‚
741 2752 972 2803 Andreas
1010 2755 1091 2804 Ηό
1144 2757 1444 2804 vulneratus.
1486 2755 1685 2819 Reliqui

185 2848 293 2883 cum
325 2833 503 2899 Alpes,
543 2851 641 2899 qua
665 2839 950 2888 necessario
989 2840 1275 2903 fugiendum
1303 2845 1423 2899 erat,
1468 2854 1684 2904 quaqua-

185 2930 381 2966 versum
395 2919 458 2967 ab
467 2919 714 2983 indigenis
733 2921 975 2972 Valachis
991 2925 1272 2973 obstructas
1282 2923 1602 2987 reperissent,
1619 2923 1686 2972 di-

186 3001 352 3051 missis
390 3004 529 3068 equis
566 3021 657 3069 per
683 3007 897 3071 compita
923 3007 1120 3073 Alpium
1161 3023 1377 3057 evasere.
1432 3007 1634 3058 Periere
1660 3026 1687 3060 e
