2112 3288
416 210 518 261 230
775 226 779 230 ’
908 212 912 215 ’
950 228 1016 262 10.
1044 228 1178 261 meon
1202 227 1399 260 BAnovn

419 342 599 406 posuit,
642 342 882 406 simulque
922 344 1015 393 duo
1055 344 1247 393 circiter
1286 342 1442 390 millia
1490 341 1538 389 in
1577 341 1740 390 insula
1791 356 1901 390 con-

416 426 593 475 sistere
640 426 798 486 iussit,
839 428 933 490 qui,
998 428 1041 476 si
1091 428 1247 477 nostri
1274 430 1471 490 pontem
1495 423 1813 488 intercepturi
1839 423 1901 473 ir-

413 512 622 566 ruerent,
650 522 815 556 eorum
842 509 1065 574 impetus,
1093 515 1144 558 ut
1170 509 1361 558 interim
1402 507 1573 571 copiae
1598 506 1904 556 Barbaricae

417 591 643 640 traiicere
682 597 897 656 possent,
937 593 1134 641 summis
1174 592 1429 641 conatibus
1466 590 1793 649 retardarent,
1821 586 1906 638 re·-

418 689 700 738 moramque
725 675 786 724 iis
812 676 1080 725 iniicerent.
1115 677 1208 724 His
1236 676 1457 725 omnibus
1497 675 1590 724 hoc
1616 674 1778 723 effecit
1802 687 1907 722 ver·
1945 692 1948 693 ⁷

419 758 697 808 sutissimus
726 774 892 820 senex,
921 766 968 809 et
994 761 1216 821 omnium,
1247 761 1324 823 qui
1365 764 1536 809 nostra
1575 763 1738 807 aetate
1775 757 1908 806 vixe-

418 845 542 901 runt,
583 842 796 891 bellator
835 844 1299 908 experientissimus,
1353 859 1414 891 ne
1452 843 1609 891 nostri
1656 840 1911 890 celeritate

419 924 643 973 adhibita
681 927 890 975 transitu
929 926 1195 988 Barbaros,
1247 928 1377 991 quod
1421 928 1586 976 facere
1635 928 1912 990 potuerant,

417 1009 747 1072 prohiberent.
799 1009 920 1059 Cum
970 1012 1095 1060 enim
1133 1012 1370 1075 Princeps
1418 1011 1673 1060 itineribus
1712 1013 1922 1074 propter*

417 1092 606 1141 viarum
643 1092 989 1142 lutulentarum
1030 1097 1178 1158 (quas
1206 1100 1572 1144 antecursorum
1600 1108 1751 1156 opera
1775 1107 1913 1157 repa-

419 1176 519 1223 rari
536 1179 842 1239 oportuerat)
872 1177 1183 1227 difficultates
1211 1179 1391 1227 lentius
1421 1177 1483 1225 ad
1510 1190 1672 1225 arcem
1697 1173 1912 1238 Gyrgio-

419 1258 547 1306 viam
557 1259 878 1321 pervenisset,
897 1265 944 1308 et
960 1265 1059 1309 tam
1075 1277 1135 1310 ex
1150 1260 1518 1310 velitationibus
1535 1264 1917 1329 antecursorum,

422 1355 567 1404 quam
592 1340 723 1389 iusta
749 1343 913 1406 specie
948 1344 1205 1407 copiarum>
1237 1345 1556 1393 'Furcicarum
1597 1342 1920 1392 coniectaret:

423 1422 654 1473 Sinanum
681 1425 842 1484 Marte
869 1443 970 1475 rem
999 1433 1327 1492 experturum,
1353 1428 1495 1477 vanis
1524 1425 1921 1491 exploratoribus

425 1523 526 1556 rem
564 1506 890 1573 aliter'atque
930 1511 1075 1560 aliter
1113 1511 1465 1566 referentibus,
1507 1510 1710 1559 consilio
1751 1509 1923 1558 ducum

431 1591 566 1650 belli,
594 1592 676 1654 qui
702 1582 987 1656 argenteum
1014 1596 1238 1644 hostibus
1265 1595 1564 1658 fugientibus
1589 1597 1785 1657 pontem
1800 1606 1923 1640 sem-

434 1690 536 1738 per,
577 1675 737 1737 quoad
774 1677 878 1725 fieri
918 1684 1108 1741 posset,
1149 1678 1459 1727 sternendum
1499 1677 1799 1735 dictitabant,
1845 1673 1930 1723 ali-

403 1762 406 1766 '
437 1758 603 1821 quanti
628 1761 861 1823 temporis
891 1762 1051 1824 quiete
1092 1763 1259 1826 copias
1286 1762 1614 1825 maximopere
1640 1761 1804 1808 fessas
1833 1773 1926 1807 om-

437 1840 551 1890 nino
577 1843 873 1892 recreandas
901 1846 1102 1894 censuit.
1143 1847 1221 1893 Ita
1247 1845 1416 1904 nostri,
1457 1844 1567 1893 dum
1606 1843 1752 1891 lentis
1790 1841 1931 1889 itine-

436 1927 572 1975 ribus
601 1927 778 1975 Turcis
808 1927 1006 1986 instant,
1035 1929 1226 1977 interim
1243 1927 1454 1977 Sinanus
1479 1932 1633 1976 totum
1659 1925 1927 1975 exercitum

439 2024 543 2057 cum
582 2008 864 2072 praecipuis
902 2005 1258 2072 impedimentis
1297 2010 1524 2065 traduxit,
1565 2025 1622 2057 ac
1658 2008 1829 2056 relicto
1869 2006 1932 2055 ad

440 2091 607 2155 copias
659 2090 853 2154 collega
891 2107 993 2151 sUO,
1031 2093 1139 2156 ipse
1180 2094 1384 2141 simulac
1410 2092 1689 2141 Danubium
1726 2089 1931 2151 traiecit,

440 2189 545 2222 cum
572 2174 764 2236 reliqua
803 2175 1045 2223 exercitus
1085 2180 1226 2239 parte
1267 2175 1509 2224 discessit.
1550 2174 1646 2222 His
1682 2173 1830 2222 rebus
1869 2171 1933 2221 ad

442 2257 718 2320 Principem
745 2257 930 2317 allatis,
961 2274 1067 2306 cum
1093 2259 1189 2307 iam
1206 2257 1401 2322 Gyrgio
1430 2259 1628 2307 duorum
1649 2255 1926 2304 milliarium

444 2341 604 2405 spatio
651 2341 874 2400 abesset,
938 2346 1120 2389 certam
1174 2343 1471 2390 delectorum
1521 2356 1712 2388 manum
1773 2337 1932 2394 mittit,

443 2424 524 2487 qui
591 2422 801 2471 transitu
862 2424 1114 2472 Barbaros
1187 2424 1518 2487 prohiberent.
1597 2423 1639 2471 Ii
1712 2410 1929 2486 Gyrgio-

443 2508 573 2556 viam
615 2505 766 2554 delati
791 2507 1065 2570 complures
1093 2507 1284 2555 Turcas
1310 2507 1358 2554 111
1387 2506 1595 2554 saltibus
1634 2506 1935 2562 oberrantes,

446 2595 494 2639 ct
532 2590 766 2650 armentis
815 2590 1052 2654 pecudum
1091 2590 1424 2653 gregibusque
1468 2588 1675 2652 agendis
1724 2587 1935 2636 intentos

444 2673 660 2741 fundunt.
684 2677 830 2736 atque
866 2673 1065 2735 fugant,
1117 2678 1164 2720 et
1201 2671 1447 2721 nonnullis
1498 2672 1655 2735 captis
1697 2670 1936 2733 reliquam

448 2772 614 2807 eorum
652 2755 1018 2816 multitudinem,
1073 2755 1280 2819 inipso
1318 2755 1528 2803 transitu
1575 2755 1754 2818 pontis,
1802 2754 1937 2802 cuius

444 2824 645 2889 citerior
670 2854 788 2903 pars
814 2838 938 2902 ipsis
956 2835 1262 2903 Gyrgioviae
1284 2838 1536 2886 moenibus
1563 2838 1928 2893 annectebatur,

447 2922 510 2971 ad
535 2937 696 2971 arcem
723 2937 878 2985 usque
903 2921 1061 2985 ipsam
1089 2921 1379 2984 propellunt.
1436 2918 1717 2985 Gyrgiovia
1744 2925 1821 2969 est
1848 2935 1939 2968 arx

451 3005 651 3067 egregie
674 3006 772 3053 loci
800 3010 973 3054 natura
1001 3009 1049 3053 et
1075 3009 1181 3052 arte
1208 3005 1406 3065 munita,
1446 2987 1625 3067 quippe
1651 3003 1733 3051 ubi
1772 3002 1939 3051 Danu-
