2112 3288
542 158 605 220 111]
631 187 738 220 REB.
764 184 874 217 VNG.
904 184 1013 217 nnc.
1042 185 1087 218 x.
1114 186 1158 219 L.
1187 186 1286 219 vm.
1532 202 1540 205 -
1577 172 1677 222 173
1725 218 1729 222 .

184 302 324 353 fuere
360 300 640 369 Stephanus
681 301 959 360 Bathorius,
998 300 1295 350 Franciscus
1335 302 1493 364 Dobo,
1522 296 1703 367 Sigisss

185 387 389 438 mundus
425 387 724 448 Rakoczius,
753 392 801 435 et
828 385 914 434 alii
953 386 1243 450 complures,
1283 386 1379 450 qui,
1421 388 1598 449 partim
1623 394 1675 437 ut

186 471 478 536 Imperatori
515 472 718 536 eiusque
755 469 897 519 fratri
936 468 1298 530 Maximiliano,
1338 469 1516 534 partim
1556 486 1672 519 vero

183 553 498 619 sigismundo
524 555 743 621 Principi
769 570 899 603 nova
925 567 1184 617 regnorum
1211 553 1556 619 titulorumque
1596 570 1673 604 oc-

181 638 379 690 casione
418 645 561 690 aucto
588 640 998 705 gratificarentur,
1045 638 1167 687 nihil
1216 654 1312 688 non
1361 640 1672 709 praestitere,

180 739 277 788 quo
292 739 430 775 suam
443 724 792 775 liberalitatem
801 723 1331 787 etcongratulationem
1348 724 1669 774 declararent.

181 806 339 859 Porro
365 825 476 859 cum
501 825 665 859 rumor
692 808 751 858 de
778 808 970 858 Bassae
1023 807 1266 857 Budensis
1302 813 1671 872 ceterorumque

178 891 511 943 Barbarorum
551 892 924 943 excursionibus
963 908 1021 941 ac
1058 892 1250 941 insidiis
1291 893 1671 957 percrebuisset,

178 991 387 1043 coepere
412 978 718 1028 cunctantius
744 977 837 1027 iter
861 977 1042 1037 facere,
1059 977 1169 1026 etin
1183 977 1435 1042 plerisque
1462 977 1668 1026 civitati-

174 1061 268 1111 bus
293 1062 580 1112 subsistere.
609 1063 727 1112 Mox
742 1061 927 1111 coactis
954 1061 1083 1111 haud
1109 1062 1475 1111 contemnendis
1500 1062 1667 1127 copiis,

174 1145 308 1196 nullo
359 1163 571 1212 unquam
621 1146 699 1196 die
752 1147 846 1195 iter
896 1147 1111 1207 inibant,
1163 1146 1259 1195 nisi
1309 1146 1552 1212 superiori
1590 1145 1667 1195 die

173 1230 337 1281 missis
386 1232 784 1298 exploratoribus
834 1246 889 1280 se
922 1237 1026 1281 tuto
1067 1231 1301 1296 progredi
1338 1246 1486 1295 posse
1526 1231 1666 1279 intel-

174 1315 427 1367 lexissent.
455 1316 536 1366 Ad
555 1317 679 1367 haec
703 1316 942 1366 instructa
969 1316 1114 1365 etiam
1153 1317 1348 1379 agmina
1387 1316 1667 1381 praemitte-

172 1400 318 1460 bant,
345 1416 439 1465 quo
492 1402 764 1452 Turcarum
813 1400 1033 1466 pericula
1085 1400 1403 1452 declinarent.
1458 1400 1665 1450 Miserat

171 1483 408 1551 Princeps
435 1486 629 1537 obviam
667 1484 1047 1536 adventantibus
1086 1484 1386 1551 Stephanum
1424 1485 1663 1534 Boczkai-

171 1583 265 1626 um,
290 1570 373 1636 qui
398 1569 641 1636 Sponsam
681 1571 957 1620 deduceret.
997 1571 1048 1619 Is
1088 1571 1199 1620 dum
1238 1571 1484 1634 ingentem
1521 1570 1661 1619 Prin-

169 1668 287 1721 ceps
312 1655 508 1706 molitur
533 1660 837 1721 apparatum,
865 1655 1030 1704 missis
1055 1655 1168 1705 aliis
1194 1669 1342 1720 super
1379 1656 1505 1705 alios
1543 1671 1661 1705 nun-

169 1739 266 1788 ciis·
297 1754 405 1790 eum
445 1740 643 1801 edocet,
682 1740 820 1804 ipsos
858 1753 966 1787 cum
1002 1738 1309 1788 faustissima
1335 1737 1531 1805 Sponsa
1563 1739 1659 1790 iam

169 1822 414 1876 Oassovia
462 1824 690 1885 movisse,
723 1823 1123 1874 honestissimum
1161 1821 1520 1874 Germanorum
1560 1825 1660 1875 Vn-

171 1925 496 1976 gamrumque
521 1909 786 1959 Procerum
812 1908 1081 1973 equitatum
1108 1924 1214 1958 cum
1240 1924 1300 1958 ea
1325 1909 1516 1972 venire,
1552 1909 1658 1958 illo-

167 2010 272 2045 rum
308 1994 578 2061 principem
605 1999 655 2044 et
678 1993 1003 2043 moderatoris
1040 1994 1149 2043 loco
1189 1991 1412 2058 Sponsae
1435 1994 1656 2060 praefec-

166 2083 266 2129 tum
302 2079 689 2130 Maximilianum
717 2078 1056 2140 Archiducem,
1084 2078 1166 2142 qui
1192 2076 1476 2128 Carolinum
1501 2093 1655 2143 usque

167 2179 275 2213 cum
300 2161 497 2230 Sponsa
522 2168 758 2213 venturus
785 2167 930 2212 esset,
966 2161 1241 2226 Satagebat
1266 2168 1380 2212 tunc
1416 2162 1653 2228 Princeps

166 2247 216 2297 in
255 2247 449 2297 bellicis
488 2242 825 2314 apparatibuS,
866 2251 915 2296 et
941 2246 1168 2310 quoniam
1207 2247 1333 2297 varii
1370 2247 1429 2296 de
1466 2247 1653 2311 ingenti

164 2333 490 2384 Tartarorum
529 2333 898 2396 Turcarumque
937 2331 1302 2381 adventantium
1346 2332 1650 2381 multitudine

161 2433 380 2468 rumores
417 2417 531 2467 hinc
565 2417 678 2466 inde
717 2417 1094 2482 spargebantur,
1134 2417 1300 2466 varias
1351 2418 1459 2482 ipse
1504 2417 1650 2467 etiam

161 2501 377 2551 rationes
402 2501 753 2566 investigabat,
782 2502 960 2566 quibus
986 2518 1042 2551 se
1069 2517 1305 2566 suamque
1338 2502 1647 2553 Provinciam

160 2585 398 2635 adversus
412 2585 618 2635 hostiles
633 2591 836 2635 conatus
862 2591 1092 2636 tueretur.
1126 2584 1225 2636 Sed
1262 2587 1537 2652 nuptiarum
1565 2603 1646 2635 ex-

160 2668 374 2734 pectatio
412 2684 508 2719 non
544 2685 716 2734 parum
742 2671 806 2719 ab
832 2671 1017 2721 intento
1044 2671 1162 2721 belli
1199 2673 1360 2722 studio
1400 2672 1643 2735 Principis

159 2753 369 2805 animum
395 2759 656 2804 averterat.
682 2755 1045 2805 Deferbuerant
1070 2756 1196 2805 enim
1222 2756 1387 2806 bellici
1424 2761 1643 2818 conatuS‚

158 2843 207 2887 et
231 2837 377 2887 nimio
404 2838 616 2888 ambitae
641 2839 808 2889 uxoris
835 2840 1079 2891 desiderio
1106 2840 1476 2903 generosissimi
1494 2840 1640 2905 impe-

156 2929 233 2973 tus
259 2937 356 2971 non
380 2937 551 2987 parum
576 2928 902 2988 retepuerant.
931 2924 1233 2974 Incendebat
1259 2925 1427 2974 viriles
1452 2925 1640 2974 animos

155 3009 260 3057 eius
285 3009 517 3072 frequens
547 3009 734 3058 Mariae
750 3008 1086 3060 Christiernae
1111 3011 1269 3067 fan1a3
1297 3026 1440 3073 quam
1467 3011 1637 3060 hones-
