<?xml version="1.0" encoding="UTF-8"?>
<!DOCTYPE html PUBLIC "-//W3C//DTD XHTML 1.0 Transitional//EN"
    "http://www.w3.org/TR/xhtml1/DTD/xhtml1-transitional.dtd">
<html xmlns="http://www.w3.org/1999/xhtml" xml:lang="en" lang="en">
 <head>
  <title>
</title>
<meta http-equiv="Content-Type" content="text/html;charset=utf-8" />
  <meta name='ocr-system' content='tesseract 3.04.00' />
  <meta name='ocr-capabilities' content='ocr_page ocr_carea ocr_par ocr_line ocrx_word'/>
</head>
<body>
  <div class='ocr_page' id='page_1' title='image "./baronyaidecsij00deciuoft_0126.png"; bbox 0 0 2112 3288; ppageno 0'>
   <div class='ocr_carea' id='block_1_1' title="bbox 427 142 1390 198">
    <p class='ocr_par' dir='ltr' id='par_1_1' title="bbox 427 142 1390 198">
     <span class='ocr_line' id='line_1_1' title="bbox 427 142 1390 198; baseline 0.004 -7"><span class='ocrx_word' id='word_1_1' title='bbox 427 142 495 198; x_wconf 80' lang='lat'>42</span> <span class='ocrx_word' id='word_1_2' title='bbox 947 162 1009 194; x_wconf 79' lang='lat'>10.</span> <span class='ocrx_word' id='word_1_3' title='bbox 1039 162 1168 194; x_wconf 57' lang='grc' dir='ltr'>που</span> <span class='ocrx_word' id='word_1_4' title='bbox 1195 163 1390 195; x_wconf 75' lang='lat' dir='ltr'>nARovu</span> 
     </span>
    </p>
   </div>
   <div class='ocr_carea' id='block_1_2' title="bbox 424 274 1922 406">
    <p class='ocr_par' dir='ltr' id='par_1_2' title="bbox 424 274 1922 406">
     <span class='ocr_line' id='line_1_2' title="bbox 428 274 1922 335; baseline 0.005 -13"><span class='ocrx_word' id='word_1_5' title='bbox 428 274 678 335; x_wconf 72' lang='lat' dir='ltr'>maximiS,</span> <span class='ocrx_word' id='word_1_6' title='bbox 719 275 805 323; x_wconf 87' lang='lat' dir='ltr'>sed</span> <span class='ocrx_word' id='word_1_7' title='bbox 845 276 988 325; x_wconf 89' lang='lat' dir='ltr'>etiam</span> <span class='ocrx_word' id='word_1_8' title='bbox 1028 277 1217 325; x_wconf 88' lang='lat' dir='ltr'>iactura</span> <span class='ocrx_word' id='word_1_9' title='bbox 1256 278 1386 327; x_wconf 85' lang='lat' dir='ltr'>vitae</span> <span class='ocrx_word' id='word_1_10' title='bbox 1426 279 1663 327; x_wconf 79' lang='lat' dir='ltr'>redimere</span> <span class='ocrx_word' id='word_1_11' title='bbox 1704 293 1800 327; x_wconf 90' lang='lat' dir='ltr'>non</span> <span class='ocrx_word' id='word_1_12' title='bbox 1825 278 1922 328; x_wconf 90' lang='lat' dir='ltr'>du--</span> 
     </span>
     <span class='ocr_line' id='line_1_3' title="bbox 424 357 595 406; baseline 0 0"><span class='ocrx_word' id='word_1_13' title='bbox 424 357 595 406; x_wconf 89' lang='lat' dir='ltr'>bitant.</span> 
     </span>
    </p>
   </div>
   <div class='ocr_carea' id='block_1_3' title="bbox 567 465 1915 865">
    <p class='ocr_par' dir='ltr' id='par_1_3' title="bbox 567 465 1915 865">
     <span class='ocr_line' id='line_1_4' title="bbox 567 465 1915 531; baseline 0.006 -19"><span class='ocrx_word' id='word_1_14' title='bbox 567 465 682 513; x_wconf 81' lang='lat' dir='ltr'>Not.</span> <span class='ocrx_word' id='word_1_15' title='bbox 709 465 850 516; x_wconf 89' lang='lat' dir='ltr'>Haec</span> <span class='ocrx_word' id='word_1_16' title='bbox 870 467 1075 529; x_wconf 90' lang='lat' dir='ltr'>memini,</span> <span class='ocrx_word' id='word_1_17' title='bbox 1103 468 1293 531; x_wconf 90' lang='lat' dir='ltr'>quando</span> <span class='ocrx_word' id='word_1_18' title='bbox 1320 474 1466 531; x_wconf 88' lang='lat' dir='ltr'>gesta</span> <span class='ocrx_word' id='word_1_19' title='bbox 1492 474 1634 526; x_wconf 76' lang='lat' dir='ltr'>sunt3</span> <span class='ocrx_word' id='word_1_20' title='bbox 1661 468 1750 519; x_wconf 89' lang='lat' dir='ltr'>sed</span> <span class='ocrx_word' id='word_1_21' title='bbox 1775 469 1915 520; x_wconf 90' lang='lat' dir='ltr'>omit-</span> 
     </span>
     <span class='ocr_line' id='line_1_5' title="bbox 706 548 1913 617; baseline 0.003 -19"><span class='ocrx_word' id='word_1_22' title='bbox 706 549 765 598; x_wconf 91' lang='lat' dir='ltr'>tit</span> <span class='ocrx_word' id='word_1_23' title='bbox 790 548 1090 614; x_wconf 84' lang='lat' dir='ltr'>Stephanum</span> <span class='ocrx_word' id='word_1_24' title='bbox 1117 551 1323 609; x_wconf 83' lang='lat' dir='ltr'>Tholdi,</span> <span class='ocrx_word' id='word_1_25' title='bbox 1352 558 1399 601; x_wconf 91' lang='lat' dir='ltr'>et</span> <span class='ocrx_word' id='word_1_26' title='bbox 1424 553 1633 616; x_wconf 83' lang='lat' dir='ltr'>Moysen</span> <span class='ocrx_word' id='word_1_27' title='bbox 1678 551 1913 617; x_wconf 75' lang='lat' dir='ltr'>Szekely,</span> 
     </span>
     <span class='ocr_line' id='line_1_6' title="bbox 708 633 1912 700; baseline 0.003 -19"><span class='ocrx_word' id='word_1_28' title='bbox 708 648 910 695; x_wconf 88' lang='lat' dir='ltr'>quorum</span> <span class='ocrx_word' id='word_1_29' title='bbox 937 633 1156 694; x_wconf 89' lang='lat' dir='ltr'>consili0,</span> <span class='ocrx_word' id='word_1_30' title='bbox 1185 639 1233 683; x_wconf 87' lang='lat' dir='ltr'>et</span> <span class='ocrx_word' id='word_1_31' title='bbox 1248 635 1427 684; x_wconf 85' lang='lat' dir='ltr'>virtute</span> <span class='ocrx_word' id='word_1_32' title='bbox 1454 651 1535 684; x_wconf 90' lang='lat' dir='ltr'>res</span> <span class='ocrx_word' id='word_1_33' title='bbox 1562 651 1622 685; x_wconf 89' lang='lat' dir='ltr'>ea</span> <span class='ocrx_word' id='word_1_34' title='bbox 1646 636 1912 700; x_wconf 82' lang='lat' dir='ltr'>praecipue</span> 
     </span>
     <span class='ocr_line' id='line_1_7' title="bbox 706 716 1913 785; baseline 0.004 -22"><span class='ocrx_word' id='word_1_35' title='bbox 706 720 851 778; x_wconf 87' lang='lat' dir='ltr'>gesta</span> <span class='ocrx_word' id='word_1_36' title='bbox 876 716 979 777; x_wconf 89' lang='lat' dir='ltr'>fuit,</span> <span class='ocrx_word' id='word_1_37' title='bbox 1008 717 1136 780; x_wconf 91' lang='lat' dir='ltr'>quod</span> <span class='ocrx_word' id='word_1_38' title='bbox 1163 723 1211 766; x_wconf 89' lang='lat' dir='ltr'>et</span> <span class='ocrx_word' id='word_1_39' title='bbox 1226 718 1439 768; x_wconf 81' lang='lat' dir='ltr'>carmine</span> <span class='ocrx_word' id='word_1_40' title='bbox 1465 719 1515 767; x_wconf 91' lang='lat' dir='ltr'>in</span> <span class='ocrx_word' id='word_1_41' title='bbox 1543 719 1913 785; x_wconf 80' lang='lat' dir='ltr'>Transylvania</span> 
     </span>
     <span class='ocr_line' id='line_1_8' title="bbox 705 797 1581 865; baseline 0.003 -19"><span class='ocrx_word' id='word_1_42' title='bbox 705 799 965 848; x_wconf 77' lang='lat' dir='ltr'>celebravi.</span> <span class='ocrx_word' id='word_1_43' title='bbox 1000 797 1256 865; x_wconf 68' lang='lat' dir='ltr'>Greyorius</span> <span class='ocrx_word' id='word_1_44' title='bbox 1282 800 1581 865; x_wconf 67' lang='lat' dir='ltr'>Nayyfa-lvy.</span> 
     </span>
    </p>
   </div>
   <div class='ocr_carea' id='block_1_4' title="bbox 1111 937 1303 945">
    <p class='ocr_par' dir='ltr' id='par_1_4' title="bbox 1111 937 1303 945">
     <span class='ocr_line' id='line_1_9' title="bbox 1111 937 1303 945; baseline 0 0"><span class='ocrx_word' id='word_1_45' title='bbox 1111 937 1303 945; x_wconf 95' lang='lat' dir='ltr'> </span> 
     </span>
    </p>
   </div>
   <div class='ocr_carea' id='block_1_5' title="bbox 850 1059 1483 1121">
    <p class='ocr_par' dir='ltr' id='par_1_5' title="bbox 850 1059 1483 1121">
     <span class='ocr_line' id='line_1_10' title="bbox 850 1059 1483 1121; baseline 0.003 -13"><span class='ocrx_word' id='word_1_46' title='bbox 850 1059 1082 1110; x_wconf 79' lang='lat' dir='ltr'>GAPVT</span> <span class='ocrx_word' id='word_1_47' title='bbox 1122 1059 1483 1121; x_wconf 82' lang='lat' dir='ltr'><strong>QVARTVM.</strong></span> 
     </span>
    </p>
   </div>
   <div class='ocr_carea' id='block_1_6' title="bbox 420 1163 1907 1311">
    <p class='ocr_par' dir='ltr' id='par_1_6' title="bbox 420 1163 1907 1311">
     <span class='ocr_line' id='line_1_11' title="bbox 420 1163 1907 1231; baseline 0.003 -20"><span class='ocrx_word' id='word_1_48' title='bbox 420 1163 524 1212; x_wconf 77' lang='lat' dir='ltr'>Cur</span> <span class='ocrx_word' id='word_1_49' title='bbox 566 1164 755 1212; x_wconf 74' lang='lat' dir='ltr'>Turccze</span> <span class='ocrx_word' id='word_1_50' title='bbox 794 1182 962 1213; x_wconf 66' lang='lat' dir='ltr'>rursus</span> <span class='ocrx_word' id='word_1_51' title='bbox 1003 1166 1243 1215; x_wconf 78' lang='lat' dir='ltr'>Aaronem</span> <span class='ocrx_word' id='word_1_52' title='bbox 1282 1169 1444 1214; x_wconf 75' lang='lat' dir='ltr'>conati</span> <span class='ocrx_word' id='word_1_53' title='bbox 1483 1169 1579 1214; x_wconf 78' lang='lat' dir='ltr'>sint</span> <span class='ocrx_word' id='word_1_54' title='bbox 1617 1166 1907 1231; x_wconf 76' lang='lat' dir='ltr'>Principatu</span> 
     </span>
     <span class='ocr_line' id='line_1_12' title="bbox 525 1246 1267 1311; baseline 0.001 -17"><span class='ocrx_word' id='word_1_55' title='bbox 525 1246 532 1249; x_wconf 30' lang='lat'>⁸</span> <span class='ocrx_word' id='word_1_56' title='bbox 1050 1251 1267 1311; x_wconf 68' lang='lat' dir='ltr'>privare.</span> 
     </span>
    </p>
   </div>
   <div class='ocr_carea' id='block_1_7' title="bbox 404 1353 1909 3000">
    <p class='ocr_par' dir='ltr' id='par_1_7' title="bbox 404 1353 1909 3000">
     <span class='ocr_line' id='line_1_13' title="bbox 554 1353 1908 1420; baseline 0.003 -19"><span class='ocrx_word' id='word_1_57' title='bbox 554 1353 882 1418; x_wconf 77' lang='lat' dir='ltr'>Posteaquam</span> <span class='ocrx_word' id='word_1_58' title='bbox 922 1355 1091 1404; x_wconf 82' lang='lat' dir='ltr'>Aaron</span> <span class='ocrx_word' id='word_1_59' title='bbox 1118 1356 1298 1420; x_wconf 89' lang='lat' dir='ltr'>adepto</span> <span class='ocrx_word' id='word_1_60' title='bbox 1324 1356 1374 1404; x_wconf 90' lang='lat' dir='ltr'>in</span> <span class='ocrx_word' id='word_1_61' title='bbox 1398 1355 1527 1404; x_wconf 91' lang='lat' dir='ltr'>hunc</span> <span class='ocrx_word' id='word_1_62' title='bbox 1552 1356 1740 1405; x_wconf 90' lang='lat' dir='ltr'>modum</span> <span class='ocrx_word' id='word_1_63' title='bbox 1769 1355 1908 1405; x_wconf 91' lang='lat' dir='ltr'>Prin-</span> 
     </span>
     <span class='ocr_line' id='line_1_14' title="bbox 411 1437 1907 1502; baseline 0.003 -18"><span class='ocrx_word' id='word_1_64' title='bbox 411 1437 600 1501; x_wconf 78' lang='lat' dir='ltr'>cipatU,</span> <span class='ocrx_word' id='word_1_65' title='bbox 641 1437 937 1501; x_wconf 89' lang='lat' dir='ltr'>sublatoque</span> <span class='ocrx_word' id='word_1_66' title='bbox 975 1440 1116 1502; x_wconf 88' lang='lat' dir='ltr'>regni</span> <span class='ocrx_word' id='word_1_67' title='bbox 1157 1440 1372 1499; x_wconf 81' lang='lat' dir='ltr'>aemule,</span> <span class='ocrx_word' id='word_1_68' title='bbox 1411 1439 1691 1488; x_wconf 87' lang='lat' dir='ltr'>liberiorem</span> <span class='ocrx_word' id='word_1_69' title='bbox 1729 1439 1825 1488; x_wconf 90' lang='lat' dir='ltr'>iam</span> <span class='ocrx_word' id='word_1_70' title='bbox 1851 1453 1907 1488; x_wconf 85' lang='lat' dir='ltr'>se</span> 
     </span>
     <span class='ocr_line' id='line_1_15' title="bbox 412 1520 1909 1586; baseline 0.002 -19"><span class='ocrx_word' id='word_1_71' title='bbox 412 1520 594 1568; x_wconf 89' lang='lat' dir='ltr'>factum</span> <span class='ocrx_word' id='word_1_72' title='bbox 621 1520 768 1576; x_wconf 90' lang='lat' dir='ltr'>vidit,</span> <span class='ocrx_word' id='word_1_73' title='bbox 799 1521 860 1569; x_wconf 92' lang='lat' dir='ltr'>ad</span> <span class='ocrx_word' id='word_1_74' title='bbox 885 1521 935 1569; x_wconf 92' lang='lat' dir='ltr'>id</span> <span class='ocrx_word' id='word_1_75' title='bbox 961 1522 1124 1570; x_wconf 86' lang='lat' dir='ltr'>statim</span> <span class='ocrx_word' id='word_1_76' title='bbox 1153 1524 1362 1571; x_wconf 90' lang='lat' dir='ltr'>animum</span> <span class='ocrx_word' id='word_1_77' title='bbox 1390 1522 1580 1583; x_wconf 87' lang='lat' dir='ltr'>adiecit,</span> <span class='ocrx_word' id='word_1_78' title='bbox 1609 1522 1784 1586; x_wconf 89' lang='lat' dir='ltr'>quibus</span> <span class='ocrx_word' id='word_1_79' title='bbox 1810 1537 1909 1570; x_wconf 87' lang='lat' dir='ltr'>ma-</span> 
     </span>
     <span class='ocr_line' id='line_1_16' title="bbox 412 1603 1905 1669; baseline 0.003 -19"><span class='ocrx_word' id='word_1_80' title='bbox 412 1603 541 1650; x_wconf 85' lang='lat' dir='ltr'>xime</span> <span class='ocrx_word' id='word_1_81' title='bbox 579 1604 844 1666; x_wconf 80' lang='lat' dir='ltr'>praesidiis</span> <span class='ocrx_word' id='word_1_82' title='bbox 885 1605 1114 1654; x_wconf 91' lang='lat' dir='ltr'>tutiorem</span> <span class='ocrx_word' id='word_1_83' title='bbox 1153 1606 1248 1654; x_wconf 90' lang='lat' dir='ltr'>sibi</span> <span class='ocrx_word' id='word_1_84' title='bbox 1274 1606 1600 1669; x_wconf 82' lang='lat' dir='ltr'>inposterum,</span> <span class='ocrx_word' id='word_1_85' title='bbox 1641 1605 1905 1654; x_wconf 87' lang='lat' dir='ltr'>diuturnio-</span> 
     </span>
     <span class='ocr_line' id='line_1_17' title="bbox 409 1679 1905 1752; baseline 0.002 -19"><span class='ocrx_word' id='word_1_86' title='bbox 409 1679 609 1749; x_wconf 88' lang='lat' dir='ltr'>remque</span> <span class='ocrx_word' id='word_1_87' title='bbox 648 1693 970 1751; x_wconf 86' lang='lat' dir='ltr'>recuperatae</span> <span class='ocrx_word' id='word_1_88' title='bbox 1006 1688 1291 1751; x_wconf 88' lang='lat' dir='ltr'>provinciae</span> <span class='ocrx_word' id='word_1_89' title='bbox 1328 1687 1695 1752; x_wconf 88' lang='lat' dir='ltr'>possessionem</span> <span class='ocrx_word' id='word_1_90' title='bbox 1732 1687 1905 1736; x_wconf 83' lang='lat' dir='ltr'>redde-</span> 
     </span>
     <span class='ocr_line' id='line_1_18' title="bbox 411 1768 1906 1834; baseline 0.001 -17"><span class='ocrx_word' id='word_1_91' title='bbox 411 1774 500 1824; x_wconf 84' lang='lat' dir='ltr'>ret.</span> <span class='ocrx_word' id='word_1_92' title='bbox 529 1768 745 1818; x_wconf 87' lang='lat' dir='ltr'>Primum</span> <span class='ocrx_word' id='word_1_93' title='bbox 770 1770 937 1833; x_wconf 91' lang='lat' dir='ltr'>itaque</span> <span class='ocrx_word' id='word_1_94' title='bbox 964 1786 1050 1820; x_wconf 90' lang='lat' dir='ltr'>eos</span> <span class='ocrx_word' id='word_1_95' title='bbox 1077 1771 1137 1820; x_wconf 92' lang='lat' dir='ltr'>de</span> <span class='ocrx_word' id='word_1_96' title='bbox 1164 1771 1322 1820; x_wconf 90' lang='lat' dir='ltr'>medio</span> <span class='ocrx_word' id='word_1_97' title='bbox 1348 1770 1591 1820; x_wconf 89' lang='lat' dir='ltr'>tollendos</span> <span class='ocrx_word' id='word_1_98' title='bbox 1614 1774 1765 1830; x_wconf 87' lang='lat' dir='ltr'>curat,</span> <span class='ocrx_word' id='word_1_99' title='bbox 1793 1784 1906 1834; x_wconf 90' lang='lat' dir='ltr'>quo-</span> 
     </span>
     <span class='ocr_line' id='line_1_19' title="bbox 408 1852 1907 1918; baseline 0.001 -18"><span class='ocrx_word' id='word_1_100' title='bbox 408 1868 513 1901; x_wconf 91' lang='lat' dir='ltr'>rum</span> <span class='ocrx_word' id='word_1_101' title='bbox 541 1852 860 1902; x_wconf 88' lang='lat' dir='ltr'>clandestinis</span> <span class='ocrx_word' id='word_1_102' title='bbox 888 1854 1091 1918; x_wconf 87' lang='lat' dir='ltr'>artibus,</span> <span class='ocrx_word' id='word_1_103' title='bbox 1120 1860 1266 1904; x_wconf 86' lang='lat' dir='ltr'>antea</span> <span class='ocrx_word' id='word_1_104' title='bbox 1293 1857 1403 1904; x_wconf 94' lang='lat' dir='ltr'>loco</span> <span class='ocrx_word' id='word_1_105' title='bbox 1430 1859 1589 1904; x_wconf 89' lang='lat' dir='ltr'>motus</span> <span class='ocrx_word' id='word_1_106' title='bbox 1621 1854 1809 1915; x_wconf 90' lang='lat' dir='ltr'>fuerat,</span> <span class='ocrx_word' id='word_1_107' title='bbox 1848 1868 1907 1902; x_wconf 86' lang='lat' dir='ltr'>ac</span> 
     </span>
     <span class='ocr_line' id='line_1_20' title="bbox 407 1934 1902 2002; baseline 0 -19"><span class='ocrx_word' id='word_1_108' title='bbox 407 1935 458 1983; x_wconf 91' lang='lat' dir='ltr'>in</span> <span class='ocrx_word' id='word_1_109' title='bbox 484 1934 545 1984; x_wconf 90' lang='lat' dir='ltr'>iis</span> <span class='ocrx_word' id='word_1_110' title='bbox 573 1936 776 1985; x_wconf 91' lang='lat' dir='ltr'>Brutum</span> <span class='ocrx_word' id='word_1_111' title='bbox 799 1938 1066 2000; x_wconf 83' lang='lat' dir='ltr'>quemdam,</span> <span class='ocrx_word' id='word_1_112' title='bbox 1094 1939 1351 2002; x_wconf 89' lang='lat' dir='ltr'>Epirotam</span> <span class='ocrx_word' id='word_1_113' title='bbox 1366 1937 1558 2001; x_wconf 89' lang='lat' dir='ltr'>quidem</span> <span class='ocrx_word' id='word_1_114' title='bbox 1585 1936 1797 1996; x_wconf 88' lang='lat' dir='ltr'>natione,</span> <span class='ocrx_word' id='word_1_115' title='bbox 1812 1934 1902 1984; x_wconf 88' lang='lat' dir='ltr'>sed</span> 
     </span>
     <span class='ocr_line' id='line_1_21' title="bbox 410 2018 1901 2084; baseline -0.001 -18"><span class='ocrx_word' id='word_1_116' title='bbox 410 2018 491 2081; x_wconf 93' lang='lat' dir='ltr'>qui</span> <span class='ocrx_word' id='word_1_117' title='bbox 517 2018 701 2080; x_wconf 86' lang='lat' dir='ltr'>ingenii</span> <span class='ocrx_word' id='word_1_118' title='bbox 728 2020 957 2080; x_wconf 86' lang='lat' dir='ltr'>solertia,</span> <span class='ocrx_word' id='word_1_119' title='bbox 983 2021 1359 2084; x_wconf 83' lang='lat' dir='ltr'>linguarumque</span> <span class='ocrx_word' id='word_1_120' title='bbox 1386 2020 1688 2084; x_wconf 81' lang='lat' dir='ltr'>cognitione,</span> <span class='ocrx_word' id='word_1_121' title='bbox 1714 2023 1764 2068; x_wconf 90' lang='lat' dir='ltr'>et</span> <span class='ocrx_word' id='word_1_122' title='bbox 1789 2018 1901 2073; x_wconf 78' lang='lat' dir='ltr'>aliis</span> 
     </span>
     <span class='ocr_line' id='line_1_22' title="bbox 405 2100 1894 2166; baseline -0.001 -18"><span class='ocrx_word' id='word_1_123' title='bbox 405 2100 603 2149; x_wconf 84' lang='lat' dir='ltr'>usitatis</span> <span class='ocrx_word' id='word_1_124' title='bbox 644 2102 688 2149; x_wconf 93' lang='lat' dir='ltr'>ei</span> <span class='ocrx_word' id='word_1_125' title='bbox 727 2102 862 2164; x_wconf 89' lang='lat' dir='ltr'>genti</span> <span class='ocrx_word' id='word_1_126' title='bbox 889 2102 1090 2163; x_wconf 91' lang='lat' dir='ltr'>artibus,</span> <span class='ocrx_word' id='word_1_127' title='bbox 1119 2103 1181 2151; x_wconf 92' lang='lat' dir='ltr'>ad</span> <span class='ocrx_word' id='word_1_128' title='bbox 1207 2118 1414 2165; x_wconf 85' lang='lat' dir='ltr'>magnas</span> <span class='ocrx_word' id='word_1_129' title='bbox 1441 2117 1561 2166; x_wconf 86' lang='lat' dir='ltr'>opes</span> <span class='ocrx_word' id='word_1_130' title='bbox 1587 2105 1894 2166; x_wconf 88' lang='lat' dir='ltr'>pervenerat.</span> 
     </span>
     <span class='ocr_line' id='line_1_23' title="bbox 414 2182 1900 2245; baseline 0 -14"><span class='ocrx_word' id='word_1_131' title='bbox 414 2182 522 2242; x_wconf 79' lang='lat' dir='ltr'>Quo</span> <span class='ocrx_word' id='word_1_132' title='bbox 549 2183 693 2243; x_wconf 85' lang='lat' dir='ltr'>facto,</span> <span class='ocrx_word' id='word_1_133' title='bbox 720 2184 892 2232; x_wconf 83' lang='lat' dir='ltr'>videns</span> <span class='ocrx_word' id='word_1_134' title='bbox 921 2200 974 2233; x_wconf 92' lang='lat' dir='ltr'>se</span> <span class='ocrx_word' id='word_1_135' title='bbox 991 2185 1214 2245; x_wconf 90' lang='lat' dir='ltr'>omnium,</span> <span class='ocrx_word' id='word_1_136' title='bbox 1243 2191 1291 2234; x_wconf 92' lang='lat' dir='ltr'>et</span> <span class='ocrx_word' id='word_1_137' title='bbox 1317 2185 1458 2243; x_wconf 90' lang='lat' dir='ltr'>domi,</span> <span class='ocrx_word' id='word_1_138' title='bbox 1487 2190 1536 2233; x_wconf 90' lang='lat' dir='ltr'>et</span> <span class='ocrx_word' id='word_1_139' title='bbox 1547 2184 1683 2245; x_wconf 87' lang='lat' dir='ltr'>foris,</span> <span class='ocrx_word' id='word_1_140' title='bbox 1709 2184 1759 2231; x_wconf 91' lang='lat' dir='ltr'>in</span> <span class='ocrx_word' id='word_1_141' title='bbox 1786 2183 1900 2232; x_wconf 87' lang='lat' dir='ltr'>aula</span> 
     </span>
     <span class='ocr_line' id='line_1_24' title="bbox 407 2264 1901 2333; baseline 0.001 -20"><span class='ocrx_word' id='word_1_142' title='bbox 407 2266 701 2330; x_wconf 85' lang='lat' dir='ltr'>praesertim</span> <span class='ocrx_word' id='word_1_143' title='bbox 740 2267 977 2328; x_wconf 86' lang='lat' dir='ltr'>Turcica,</span> <span class='ocrx_word' id='word_1_144' title='bbox 1017 2273 1219 2331; x_wconf 90' lang='lat' dir='ltr'>propter</span> <span class='ocrx_word' id='word_1_145' title='bbox 1258 2269 1397 2316; x_wconf 90' lang='lat' dir='ltr'>Bruti</span> <span class='ocrx_word' id='word_1_146' title='bbox 1434 2268 1615 2333; x_wconf 90' lang='lat' dir='ltr'>ipsius,</span> <span class='ocrx_word' id='word_1_147' title='bbox 1656 2266 1737 2330; x_wconf 91' lang='lat' dir='ltr'>qui</span> <span class='ocrx_word' id='word_1_148' title='bbox 1763 2264 1901 2314; x_wconf 87' lang='lat' dir='ltr'>Sina—</span> 
     </span>
     <span class='ocr_line' id='line_1_25' title="bbox 407 2348 1904 2413; baseline 0 -17"><span class='ocrx_word' id='word_1_149' title='bbox 407 2363 520 2397; x_wconf 91' lang='lat' dir='ltr'>num</span> <span class='ocrx_word' id='word_1_150' title='bbox 546 2348 693 2396; x_wconf 88' lang='lat' dir='ltr'>etiam</span> <span class='ocrx_word' id='word_1_151' title='bbox 722 2350 999 2412; x_wconf 89' lang='lat' dir='ltr'>propinqua</span> <span class='ocrx_word' id='word_1_152' title='bbox 1041 2351 1295 2413; x_wconf 84' lang='lat' dir='ltr'>sanguinis</span> <span class='ocrx_word' id='word_1_153' title='bbox 1321 2350 1657 2400; x_wconf 86' lang='lat' dir='ltr'>coniunctione</span> <span class='ocrx_word' id='word_1_154' title='bbox 1695 2348 1904 2411; x_wconf 89' lang='lat' dir='ltr'>attinge-</span> 
     </span>
     <span class='ocr_line' id='line_1_26' title="bbox 406 2418 1901 2497; baseline -0.001 -18"><span class='ocrx_word' id='word_1_155' title='bbox 406 2433 505 2492; x_wconf 87' lang='lat' dir='ltr'>bat,</span> <span class='ocrx_word' id='word_1_156' title='bbox 530 2418 783 2495; x_wconf 79' lang='lat' dir='ltr'>indignam</span> <span class='ocrx_word' id='word_1_157' title='bbox 809 2448 990 2494; x_wconf 91' lang='lat' dir='ltr'>necem,</span> <span class='ocrx_word' id='word_1_158' title='bbox 1019 2434 1130 2483; x_wconf 88' lang='lat' dir='ltr'>odio</span> <span class='ocrx_word' id='word_1_159' title='bbox 1157 2434 1455 2497; x_wconf 82' lang='lat' dir='ltr'>expositum,</span> <span class='ocrx_word' id='word_1_160' title='bbox 1493 2433 1660 2482; x_wconf 90' lang='lat' dir='ltr'>valida</span> <span class='ocrx_word' id='word_1_161' title='bbox 1684 2432 1901 2490; x_wconf 87' lang='lat' dir='ltr'>militum,</span> 
     </span>
     <span class='ocr_line' id='line_1_27' title="bbox 409 2515 1900 2579; baseline 0 -17"><span class='ocrx_word' id='word_1_162' title='bbox 409 2529 611 2577; x_wconf 89' lang='lat' dir='ltr'>quorum</span> <span class='ocrx_word' id='word_1_163' title='bbox 650 2524 830 2576; x_wconf 84' lang='lat' dir='ltr'>magna</span> <span class='ocrx_word' id='word_1_164' title='bbox 864 2531 981 2579; x_wconf 87' lang='lat' dir='ltr'>pars</span> <span class='ocrx_word' id='word_1_165' title='bbox 1021 2516 1359 2579; x_wconf 79' lang='lat' dir='ltr'>Transylvani</span> <span class='ocrx_word' id='word_1_166' title='bbox 1399 2521 1564 2577; x_wconf 89' lang='lat' dir='ltr'>erant,</span> <span class='ocrx_word' id='word_1_167' title='bbox 1605 2515 1804 2564; x_wconf 88' lang='lat' dir='ltr'>cohorte</span> <span class='ocrx_word' id='word_1_168' title='bbox 1844 2527 1900 2575; x_wconf 81' lang='lat' dir='ltr'>se</span> 
     </span>
     <span class='ocr_line' id='line_1_28' title="bbox 410 2597 1901 2668; baseline -0.001 -23"><span class='ocrx_word' id='word_1_169' title='bbox 410 2597 645 2663; x_wconf 85' lang='lat' dir='ltr'>stipavit,</span> <span class='ocrx_word' id='word_1_170' title='bbox 683 2598 754 2646; x_wconf 91' lang='lat' dir='ltr'>ita</span> <span class='ocrx_word' id='word_1_171' title='bbox 792 2613 847 2647; x_wconf 91' lang='lat' dir='ltr'>se</span> <span class='ocrx_word' id='word_1_172' title='bbox 884 2599 979 2647; x_wconf 88' lang='lat' dir='ltr'>iam</span> <span class='ocrx_word' id='word_1_173' title='bbox 1019 2614 1222 2662; x_wconf 76' lang='lat' dir='ltr'>gerenS,</span> <span class='ocrx_word' id='word_1_174' title='bbox 1262 2604 1314 2648; x_wconf 91' lang='lat' dir='ltr'>ut</span> <span class='ocrx_word' id='word_1_175' title='bbox 1350 2599 1515 2668; x_wconf 85' lang='lat' dir='ltr'>palam</span> <span class='ocrx_word' id='word_1_176' title='bbox 1553 2598 1901 2664; x_wconf 85' lang='lat' dir='ltr'>praeseferret,</span> 
     </span>
     <span class='ocr_line' id='line_1_29' title="bbox 405 2680 1900 2745; baseline -0.001 -16"><span class='ocrx_word' id='word_1_177' title='bbox 405 2695 650 2744; x_wconf 89' lang='lat' dir='ltr'>nunquam</span> <span class='ocrx_word' id='word_1_178' title='bbox 676 2680 884 2745; x_wconf 89' lang='lat' dir='ltr'>amplius</span> <span class='ocrx_word' id='word_1_179' title='bbox 922 2682 973 2730; x_wconf 94' lang='lat' dir='ltr'>id</span> <span class='ocrx_word' id='word_1_180' title='bbox 1001 2697 1055 2730; x_wconf 94' lang='lat' dir='ltr'>se</span> <span class='ocrx_word' id='word_1_181' title='bbox 1083 2682 1473 2743; x_wconf 89' lang='lat' dir='ltr'>commissurum,</span> <span class='ocrx_word' id='word_1_182' title='bbox 1511 2686 1564 2730; x_wconf 92' lang='lat' dir='ltr'>ut</span> <span class='ocrx_word' id='word_1_183' title='bbox 1589 2680 1818 2730; x_wconf 87' lang='lat' dir='ltr'>barbaris</span> <span class='ocrx_word' id='word_1_184' title='bbox 1844 2680 1900 2728; x_wconf 91' lang='lat' dir='ltr'>il-</span> 
     </span>
     <span class='ocr_line' id='line_1_30' title="bbox 404 2763 1897 2830; baseline 0 -18"><span class='ocrx_word' id='word_1_185' title='bbox 404 2765 468 2813; x_wconf 88' lang='lat' dir='ltr'>lis</span> <span class='ocrx_word' id='word_1_186' title='bbox 503 2765 763 2829; x_wconf 81' lang='lat' dir='ltr'>gentibus,</span> <span class='ocrx_word' id='word_1_187' title='bbox 806 2782 835 2814; x_wconf 92' lang='lat' dir='ltr'>a</span> <span class='ocrx_word' id='word_1_188' title='bbox 871 2765 1044 2829; x_wconf 89' lang='lat' dir='ltr'>quibus</span> <span class='ocrx_word' id='word_1_189' title='bbox 1070 2781 1225 2830; x_wconf 88' lang='lat' dir='ltr'>nuper</span> <span class='ocrx_word' id='word_1_190' title='bbox 1250 2772 1348 2815; x_wconf 87' lang='lat' dir='ltr'>tam</span> <span class='ocrx_word' id='word_1_191' title='bbox 1382 2764 1734 2815; x_wconf 83' lang='lat' dir='ltr'>contumeliose</span> <span class='ocrx_word' id='word_1_192' title='bbox 1757 2763 1897 2812; x_wconf 86' lang='lat' dir='ltr'>habi-</span> 
     </span>
     <span class='ocr_line' id='line_1_31' title="bbox 405 2846 1895 2910; baseline -0.001 -15"><span class='ocrx_word' id='word_1_193' title='bbox 405 2853 485 2897; x_wconf 91' lang='lat' dir='ltr'>tus</span> <span class='ocrx_word' id='word_1_194' title='bbox 510 2849 710 2910; x_wconf 88' lang='lat' dir='ltr'>fuisset,</span> <span class='ocrx_word' id='word_1_195' title='bbox 752 2864 805 2897; x_wconf 91' lang='lat' dir='ltr'>se</span> <span class='ocrx_word' id='word_1_196' title='bbox 834 2850 1067 2898; x_wconf 88' lang='lat' dir='ltr'>crederet.</span> <span class='ocrx_word' id='word_1_197' title='bbox 1109 2849 1269 2898; x_wconf 90' lang='lat' dir='ltr'>Huius</span> <span class='ocrx_word' id='word_1_198' title='bbox 1295 2850 1368 2898; x_wconf 86' lang='lat' dir='ltr'>rei</span> <span class='ocrx_word' id='word_1_199' title='bbox 1392 2850 1525 2897; x_wconf 90' lang='lat' dir='ltr'>fama</span> <span class='ocrx_word' id='word_1_200' title='bbox 1553 2846 1895 2902; x_wconf 82' lang='lat' dir='ltr'>Constantino-</span> 
     </span>
     <span class='ocr_line' id='line_1_32' title="bbox 406 2929 1894 3000; baseline 0 -22"><span class='ocrx_word' id='word_1_201' title='bbox 406 2931 554 2995; x_wconf 88' lang='lat' dir='ltr'>polim</span> <span class='ocrx_word' id='word_1_202' title='bbox 582 2932 799 2997; x_wconf 86' lang='lat' dir='ltr'>perlata,</span> <span class='ocrx_word' id='word_1_203' title='bbox 842 2948 946 2981; x_wconf 90' lang='lat' dir='ltr'>cum</span> <span class='ocrx_word' id='word_1_204' title='bbox 975 2933 1099 2984; x_wconf 87' lang='lat' dir='ltr'>alios</span> <span class='ocrx_word' id='word_1_205' title='bbox 1127 2946 1320 2993; x_wconf 90' lang='lat' dir='ltr'>omnes,</span> <span class='ocrx_word' id='word_1_206' title='bbox 1365 2931 1446 2995; x_wconf 89' lang='lat' dir='ltr'>qui</span> <span class='ocrx_word' id='word_1_207' title='bbox 1473 2931 1603 3000; x_wconf 85' lang='lat' dir='ltr'>apud</span> <span class='ocrx_word' id='word_1_208' title='bbox 1629 2929 1894 2982; x_wconf 80' lang='lat' dir='ltr'>Caesarem</span> 
     </span>
    </p>
   </div>
  </div>
 </body>
</html>
