2112 3288
628 139 694 171 DE
721 138 828 171 ΗΕΒ.
864 136 978 170 vNG.
1009 137 1120 170 nno.
1153 137 1217 168 xl.
1244 136 1288 168 11.
1316 136 1366 167 11.
1519 160 1528 164 -
1662 119 1762 178 311

190 323 193 325 Α
257 273 319 308 ne
344 257 395 306 in
418 256 596 305 itinere
625 254 688 302 ab
715 253 943 302 hostibus
970 251 1200 300 indicium
1227 251 1468 299 adventus
1488 235 1768 299 nostrorum

257 341 578 404 acciperetur,
620 353 680 386 ac
716 353 771 387 re
811 335 1013 399 cognita
1053 335 1209 384 omnis
1246 339 1453 383 conatus
1490 334 1540 382 in
1578 334 1768 384 irritum

257 422 466 474 cederet.

657 763 891 815 CAPVT
932 761 1333 812 SECVNDVM.

291 878 368 926 De
397 878 498 924 acie
529 874 930 925 Christianorum
956 875 1010 922 in
1052 874 1326 936 irruptione
1354 869 1634 923 laurinensi
1661 875 1738 923 ob-

908 966 1120 1007 servata.

402 1079 667 1130 Traductis
694 1077 927 1128 Danubio
963 1077 1119 1142 copiis
1148 1075 1327 1126 Comes
1356 1077 1772 1128 Schwarzenbur-

255 1167 396 1231 gicus
410 1163 542 1214 hanc
565 1163 807 1212 rationem
834 1161 1094 1211 ordinandi
1121 1161 1369 1210 exercitus
1391 1161 1548 1223 inivit,
1578 1178 1636 1211 ac
1660 1166 1714 1211 ut
1741 1178 1771 1210 a

257 1251 486 1301 diversae
521 1248 737 1298 nationis
771 1247 1026 1307 militibus,
1063 1246 1145 1310 qui
1171 1246 1391 1306 aderant,
1418 1247 1633 1308 intelligi
1656 1262 1770 1311 pos-

258 1339 350 1398 set,
377 1334 564 1398 scripto
591 1331 744 1382 latine
771 1330 1101 1395 promulgatO,
1135 1330 1206 1379 ita
1232 1330 1442 1393 singulis
1479 1346 1539 1379 ac
1577 1330 1770 1380 univer-

258 1418 329 1468 sis
356 1417 623 1467 stationem
650 1415 944 1478 assignavit.
972 1413 1190 1463 Primum
1216 1414 1427 1463 omnium
1452 1415 1537 1463 ubi
1564 1415 1628 1464 ad
1642 1429 1770 1463 moe-

256 1502 341 1551 nia
375 1501 514 1551 urbis
551 1498 910 1564 perveniretur,
951 1496 1193 1562 Gempius
1236 1498 1494 1547 Vabacurt
1532 1514 1640 1548 cum
1679 1513 1771 1547 sua

258 1585 480 1636 centuria
504 1585 717 1632 frontem
742 1587 926 1644 tenere,
955 1599 1014 1630 ac
1039 1583 1416 1630 instrumentum
1454 1580 1577 1630 illud
1614 1581 1769 1644 ligne·

257 1685 351 1728 um,
390 1670 468 1719 cui
493 1683 669 1717 nomen
694 1671 770 1716 est
794 1666 1019 1730 petarda,
1048 1664 1282 1714 cancellis
1310 1669 1486 1728 portae
1514 1665 1770 1729 applicare

258 1769 319 1803 ac
342 1753 468 1803 citra
492 1767 680 1802 moram
711 1750 1016 1800 inflammare
1044 1748 1226 1798 debuit.
1256 1746 1506 1796 Cancellis
1534 1748 1770 1808 disiectis,

258 1836 436 1887 aedilis
473 1835 767 1885 Lamarsius
806 1849 914 1882 cum
953 1849 1045 1882 sua
1084 1831 1286 1881 cohorte
1324 1832 1563 1893 grandem
1602 1837 1768 1897 petar-

259 1921 372 1970 dam
397 1924 573 1984 portae
594 1919 708 1982 'ipsi
734 1917 1030 1977 admovebit,
1071 1922 1119 1964 et
1145 1914 1452 1964 validissimo
1474 1916 1660 1979 impetu
1685 1916 1770 1964 im—

258 2004 450 2070 primet.
477 2003 554 2051 Eo
580 2003 727 2061 fact0,
754 2001 1014 2065 portisque
1033 1999 1284 2062 disruptiS,
1312 1997 1650 2047 Vabacurtius
1664 2014 1771 2048 cum

261 2094 368 2137 sua·
390 2086 612 2136 centuria
652 2085 910 2134 confestim
949 2084 1128 2143 irruet,
1167 2079 1535 2145 fortissimeque
1568 2082 1775 2137 instabit

261 2171 417 2222 donec
444 2171 510 2220 ad
532 2170 821 2219 ulteriorem
847 2172 1101 2233 portarum
1127 2170 1321 2230 partem
1347 2171 1649 2230 perrumpat,
1690 2166 1772 2213 ob-

258 2255 453 2319 viisque
487 2254 716 2303 hostibus
759 2252 999 2301 acerrime
1038 2251 1266 2299 obsistat.
1320 2249 1482 2298 Huius
1522 2249 1774 2298 centuriae

258 2338 491 2402 vestigiis
546 2337 912 2399 vicegeneralis
965 2333 1313 2396 Oberburgius
1342 2370 1352 2394 ,
1405 2347 1514 2381 cum
1566 2339 1776 2397 quatuor

261 2413 552 2472 cohortibus
583 2419 854 2470 Vallonum
884 2424 934 2468 et
961 2415 1223 2468 Gallorum
1251 2416 1463 2478 insistet,
1502 2417 1573 2465 ita
1610 2416 1779 2466 Vaba-

260 2505 416 2555 curtio
468 2504 679 2554 ulterius
719 2519 998 2569 progresso
1052 2501 1400 2564 Oberburgius
1440 2500 1661 2549 animose
1701 2514 1778 2547 se-

260 2592 452 2652 quatur,
481 2587 859 2652 coniunctisque
884 2587 1076 2636 viribus
1103 2585 1167 2634 ad
1194 2598 1364 2632 omnes
1390 2584 1608 2631 locorum
1635 2595 1774 2631 occa-

261 2671 429 2720 siones
452 2671 631 2719 intenti
658 2672 870 2720 alteram
911 2685 1108 2734 quoque
1135 2667 1367 2732 plateam,
1408 2681 1534 2728 quae
1559 2665 1718 2713 forum
1747 2678 1776 2709 a

264 2755 440 2804 dextra
478 2757 625 2818 parte
660 2754 879 2818 respicit,
927 2752 1166 2801 velociter
1219 2753 1472 2812 occupent.
1525 2746 1776 2796 Oberbur‘

262 2837 409 2900 gicas
447 2837 676 2885 cohortes
717 2842 988 2900 sequantur
1025 2837 1154 2884 aliae
1195 2833 1320 2880 duae
1363 2830 1623 2880 Gallorum
1677 2836 1778 2878 tur-

262 2935 391 2981 mae,
419 2920 687 2971 Vallonum
715 2920 856 2982 duae,
898 2921 981 2984 qui
1007 2925 1061 2968 ut
1089 2918 1298 2982 primum
1324 2922 1517 2979 portam
1544 2929 1780 2978 pervase-
