2112 3288
486 207 587 258 236
1018 225 1080 258 10.
1108 225 1241 258 1111011
1265 225 1463 259 BARovn

483 338 783 389 iureiurandi
809 346 1090 389 reverenter
1130 341 1441 397 admonebat,
1484 356 1577 404 quo
1618 357 1672 390 se
1714 341 1777 390 ad
1814 342 1980 390 obser—

487 423 645 472 vanda
672 424 878 473 omnium
906 425 1138 473 nobilium
1164 425 1428 488 privilegia
1454 424 1817 473 adstrinxisset.
1858 423 1978 474 Pro-

487 505 600 555 inde
627 507 771 555 etiam
800 511 947 571 atque
975 507 1120 557 etiam
1149 509 1369 568 orabant,
1407 513 1460 557 ut
1495 508 1720 571 quoniam
1746 508 1978 558 vetustis-

486 588 622 637 simis
649 590 889 639 Divorum
917 590 1196 655 Principum
1234 592 1509 656 privilegiis
1550 597 1717 641 essent
1742 590 1893 641 Siculi
1928 591 1979 640 in

485 687 592 720 eam
618 672 845 736 plebeiae
873 675 1163 723 conditionis
1191 676 1477 724 servitutem
1503 675 1705 736 redacti,
1740 689 1832 723 nec
1857 688 1974 723 vero

486 756 791 805 conditiones
816 756 945 818 illas,
972 758 1148 821 quibus
1176 774 1332 823 nuper
1358 759 1406 806 in
1420 758 1677 822 pristinam
1701 757 1979 807 libertatem
2002 800 2005 801 γ

484 838 715 887 vindicati
758 841 965 901 fuerant,
1002 842 1103 889 ulla
1141 858 1201 890 ex
1228 847 1369 905 parte
1396 842 1771 891 observassent:
1813 841 1981 890 mallet

483 920 720 986 Princeps
745 919 990 984 nobilium,
1029 940 1174 987 quam
1200 939 1364 985 eorum
1389 924 1630 974 rationem
1654 924 1855 984 habere,
1892 923 1978 987 qu'i

484 1005 613 1054 binis
639 1006 735 1055 iam
761 1008 1115 1057 rebellionibus
1142 1009 1234 1056 hos
1263 1009 1516 1057 servitutis
1541 1009 1747 1071 laqueos
1786 1007 1883 1056 sibi
1907 1007 1977 1056 in-

486 1087 756 1137 duxissent.
786 1089 910 1138 Illos
939 1095 1112 1154 suapte
1139 1095 1315 1139 natura
1342 1090 1598 1139 seditionis
1615 1094 1845 1138 amantes
1873 1090 1978 1139 iure

483 1171 763 1220 libertatem
790 1187 930 1221 suam
956 1173 1199 1232 amisisse,
1239 1179 1287 1222 et
1320 1174 1579 1222 etiamnum
1618 1172 1817 1221 violatis
1842 1187 1979 1221 recu-

484 1255 689 1316 peratae
729 1253 977 1303 libertatis
1017 1256 1374 1306 conditionibus
1412 1257 1475 1305 ad
1506 1254 1754 1320 publicam
1781 1253 1977 1305 seditio-

484 1352 594 1385 nem
622 1343 874 1401 spectare:
915 1354 1020 1387 cum
1046 1340 1237 1389 interim
1263 1340 1359 1404 ipsi
1386 1346 1434 1390 et
1461 1344 1607 1389 antea
1632 1352 1826 1402 semper
1864 1337 1979 1387 fide-

483 1421 724 1471 lissimam
750 1423 943 1486 patriae
957 1423 1273 1488 Principique
1300 1440 1501 1488 operam
1516 1422 1823 1483 navaverint,
1852 1425 1902 1470 et
1926 1421 1976 1469 in

484 1509 741 1568 posterum
779 1510 1046 1556 navaturos
1086 1523 1153 1568 se,
1197 1508 1455 1571 omniaque
1492 1506 1694 1556 militiae
1720 1519 1871 1572 onera
1895 1518 1978 1553 ex-

487 1586 761 1637 antlaturos
810 1588 1151 1653 polliceantur.
1202 1591 1344 1640 Haec
1370 1596 1517 1655 atque
1554 1589 1654 1639 alia
1679 1586 1919 1650 singulari
1947 1603 1977 1635 a

487 1672 817 1736 compluribus
869 1675 1089 1723 acumine
1141 1675 1448 1738 excogitata,
1488 1690 1594 1723 cum
1636 1673 1686 1722 in
1724 1677 1978 1735 utramque

486 1760 678 1819 partem
703 1757 851 1805 anxie
877 1757 1117 1822 Princeps
1145 1774 1308 1808 secum
1335 1759 1658 1822 disquireret:
1685 1771 1828 1820 quem
1851 1755 1979 1804 inter

485 1839 691 1902 scyllam
718 1846 766 1889 et
793 1841 1065 1905 charybdin
1093 1857 1287 1891 cursum
1312 1847 1494 1902 tenere,
1527 1840 1704 1904 quidve
1739 1839 1789 1887 in
1823 1837 1978 1886 diver-

487 1920 699 1970 sissimis
724 1922 861 1972 hisce
888 1924 1090 1973 duorum
1119 1923 1358 1972 Ordinum
1395 1922 1662 1988 postulatis
1688 1922 1856 1970 facere
1897 1919 1974 1967 de-

487 2005 641 2065 beret,
669 2021 874 2070 prorsus
900 2007 1177 2070 ignorabat.
1207 2008 1334 2056 Nam
1360 2022 1450 2056 nec
1465 2006 1644 2055 Siculis
1658 2006 1829 2054 favere
1856 2002 1979 2051 citra

487 2087 801 2137 violationem
852 2090 1222 2154 privilegiorum
1273 2090 1570 2150 nobilitatis,
1621 2087 1979 2149 manifestaque

491 2170 629 2219 odia:
657 2187 748 2220 nec
773 2189 945 2222 rursus
971 2174 1205 2223 nobilium
1243 2174 1506 2238 postulatis
1541 2167 1755 2222 annuere
1791 2171 1980 2232 absque

490 2258 620 2302 metu
640 2254 861 2303 intestini
875 2256 1004 2317 belli,
1028 2261 1397 2320 ceterorumque
1411 2255 1834 2323 incommodorum,
1855 2266 1979 2315 quac

489 2335 602 2383 inde
627 2338 812 2386 oritura
832 2339 1137 2402 videbantur,
1167 2340 1359 2389 omnino
1373 2343 1580 2403 poterat.
1612 2335 1835 2385 Tandem
1847 2334 1974 2383 inter

492 2432 683 2467 sacrum
710 2424 758 2468 et
783 2435 956 2469 saxum
984 2437 1038 2470 se
1062 2422 1273 2485 positum
1288 2427 1438 2481 ratus,
1466 2435 1572 2470 cum
1585 2425 1745 2469 utrum
1760 2417 1890 2482 quod
1905 2431 1977 2466 es-

491 2493 575 2560 set-
594 2515 654 2550 ex
682 2502 869 2564 duobus
896 2504 1032 2552 hisce
1058 2505 1201 2554 malis
1228 2505 1505 2567 eligendum
1530 2519 1627 2553 non
1666 2502 1792 2552 satis
1825 2500 1977 2563 lique-

491 2588 581 2652 ret,
607 2586 823 2647 legitimo
860 2587 980 2635 iuris
1005 2589 1260 2652 processui
1286 2604 1344 2637 ac
1382 2586 1711 2636 communibus
1739 2583 1978 2634 Ordinum

493 2669 743 2732 suffragiis
768 2674 919 2719 totum
944 2671 1037 2720 hoc
1063 2672 1315 2734 negotium
1342 2671 1641 2720 committere
1668 2670 1852 2719 statuit.
1879 2667 1977 2715 Ita-

494 2767 587 2814 que
614 2739 894 2803 convocatis
920 2755 970 2802 in
996 2755 1317 2805 diversorium
1344 2755 1598 2804 Francisci
1617 2752 1775 2803 Alard
1799 2754 1976 2818 prima·
2046 2802 2049 2805 .

491 2827 556 2897 tis
581 2836 825 2899 nobilium,
865 2837 1072 2887 hominis
1106 2840 1345 2902 singulari
1372 2839 1604 2895 acumine,
1647 2838 1842 2900 altoque
1868 2850 1977 2885 con-

493 2917 603 2966 silio
628 2919 852 2982 praediti,
880 2922 1010 2984 quod
1033 2923 1239 2986 pedibus
1267 2938 1419 2985 aeger
1433 2922 1666 2970 aliorsum
1683 2935 1737 2969 se
1752 2920 1975 2969 conferre

494 3016 590 3051 non
605 3007 799 3068 posset:
827 3002 1047 3058 collectis
1073 3004 1267 3073 inquam
1297 3020 1356 3057 ex
1383 3004 1511 3054 omni
1524 3012 1725 3057 numero
1742 3001 1978 3056 Ordinum
