2112 3288
363 192 465 243 326
884 205 947 241 10.
975 205 1108 240 onon
1132 207 1329 243 BARovn

346 324 509 372 futura
536 326 885 386 cognoverant,
912 337 1002 371 nec
1022 338 1081 372 ea
1100 323 1196 372 sibi
1216 323 1524 388 expectanda
1549 329 1853 374 censuerant.

347 404 447 454 Sed
471 406 641 470 paucis
667 410 781 469 post
807 406 1055 454 mensibus
1094 407 1253 455 caesis
1292 407 1638 471 praesidiariis
1678 406 1850 457 eadem

347 505 438 538 arx
463 490 514 538 in
538 494 833 555 potestatem
861 490 1195 540 Barbarorum
1221 490 1428 541 devenit.

943 681 1235 688 —.—-..-.-..-—.

830 821 1061 875 GAPVT
1102 823 1366 876 NONVM.

426 943 503 992 De
529 944 735 993 victoria
763 945 1129 1010 Luyasz‘ensium
1156 962 1213 993 ex
1236 945 1479 994 Barbaris
1505 954 1765 1010 reportata.

502 1064 614 1113 Hac
640 1064 909 1127 ignominia
947 1064 1245 1128 repulsaque
1283 1069 1442 1114 motus
1468 1066 1645 1125 Bassa,
1683 1067 1856 1116 statuit
1895 1108 1898 1109 γ

353 1145 513 1209 prima
540 1162 733 1210 quaque
749 1146 1006 1196 occasione
1033 1148 1290 1211 praeclaro
1306 1148 1472 1210 aliquo
1494 1148 1713 1198 facinore
1725 1149 1856 1198 hanc

358 1230 606 1294 repulsam
633 1245 967 1295 compensare.
995 1228 1088 1279 Oui
1114 1230 1187 1279 rei
1199 1231 1459 1293 transfuga
1474 1231 1669 1295 quidam
1686 1229 1855 1281 Chris-

354 1312 515 1362 tianus
555 1328 727 1362 ansam
765 1312 1012 1377 praebuit.
1036 1313 1088 1362 Is
1114 1318 1251 1362 ratus
1276 1313 1399 1362 nihil
1426 1329 1480 1363 se
1507 1314 1618 1363 Deo
1645 1315 1858 1379 patriae-

352 1411 446 1459 que
508 1397 700 1460 gratius
735 1395 1003 1459 facturum,
1044 1412 1188 1462 quam
1227 1398 1270 1446 si
1327 1396 1596 1448 Christiani
1645 1400 1853 1450 nominis

357 1480 583 1530 hostibus
611 1481 738 1543 dolo,
776 1482 970 1543 virtute,
1015 1483 1096 1531 vel
1122 1497 1410 1546 quacunque
1435 1483 1626 1534 ratione
1653 1483 1752 1533 alia
1775 1499 1859 1548 pe-

351 1564 555 1614 riculum
593 1571 810 1615 crearet:
863 1566 1091 1615 simulato
1142 1581 1340 1615 suorum
1380 1566 1504 1628 odio,
1543 1566 1755 1615 Bassam
1781 1582 1858 1616 ac-

359 1648 510 1710 cedit,
562 1650 705 1713 eique
740 1650 1009 1714 persuadet
1047 1665 1127 1711 se,
1167 1650 1211 1698 si
1248 1649 1538 1700 selectiores
1583 1652 1857 1701 Turcarum

358 1731 679 1796 irruptionem
710 1733 761 1782 in
797 1734 1107 1797 Lugasiense
1142 1734 1371 1798 oppidum
1407 1735 1641 1797 facerent,
1691 1735 1860 1784 ducem

359 1814 432 1863 eis
456 1814 683 1864 futurum.
722 1816 865 1866 Nunc
891 1816 1139 1865 civitatem
1176 1816 1426 1880 praesidio
1467 1817 1763 1879 destitutam,
1802 1832 1861 1866 ac

360 1898 474 1948 vino
502 1914 768 1963 somnoque
799 1915 921 1964 prae
947 1900 1211 1950 securitate
1250 1901 1462 1965 sopitam
1501 1902 1635 1951 nullo
1662 1902 1859 1965 negotio

366 1981 512 2046 diripi
550 1997 715 2046 posse.
757 1982 818 2030 Id
857 1998 1000 2046 quum
1026 1983 1218 2032 Bassae
1258 1983 1438 2048 oppido
1477 1999 1621 2047 quam
1653 1984 1863 2033 maxime

366 2066 652 2130 placuisset,
679 2080 787 2115 eum
812 2081 983 2115 rursus
1023 2066 1175 2127 abire,
1215 2081 1273 2116 ac
1312 2067 1472 2116 omnia
1509 2068 1766 2132 explorata
1789 2083 1863 2117 re-

366 2150 498 2199 ferre
534 2150 681 2198 iubet.
730 2151 783 2199 Is
821 2150 885 2198 ad
921 2149 1172 2199 Andream
1208 2151 1497 2201 Barcsaium
1536 2153 1661 2201 clam
1699 2152 1860 2216 profe-

370 2238 494 2294 ctUS,
540 2249 643 2282 rem
667 2249 855 2283 omnem
892 2234 938 2284 ei
975 2231 1160 2298 aperit,
1211 2239 1260 2283 et
1297 2235 1412 2298 quid
1449 2235 1580 2285 facto
1620 2250 1743 2300 opus
1783 2234 1859 2295 sit,

368 2314 574 2364 candide
612 2315 870 2378 significat.
919 2315 1038 2365 Mox
1076 2316 1138 2364 ad
1175 2315 1386 2365 Bassam
1429 2331 1662 2365 reversus
1701 2317 1864 2365 omnia

367 2403 474 2448 tuta
499 2403 645 2462 atque
671 2413 846 2448 secura
871 2413 983 2448 esse
1008 2400 1175 2448 refert.
1228 2401 1280 2449 Is
1318 2400 1583 2464 assumptis
1608 2400 1742 2450 mille
1766 2404 1864 2450 tre·
1915 2452 1920 2457 ,

369 2482 523 2532 centis
549 2482 986 2548 selectissimorum
1017 2499 1078 2532 ex
1116 2483 1245 2531 omni
1276 2498 1473 2532 numero
1512 2483 1726 2547 equitum
1758 2483 1864 2533 sine

368 2566 529 2636 galeis
579 2571 725 2630 atque
785 2565 1083 2627 thoracibus,
1126 2565 1276 2615 veluti
1324 2566 1560 2630 praedam
1610 2566 1716 2616 sine
1763 2567 1863 2616 ullo

368 2649 557 2715 praelio
597 2649 899 2714 direpturus,
947 2648 1122 2698 itinere
1158 2653 1263 2699 tota
1300 2654 1444 2699 nocte
1491 2651 1622 2700 facto
1661 2650 1863 2713 Lugaso

372 2723 747 2797 appropinquat.
776 2731 875 2781 Sed
898 2732 994 2780 iam
1021 2731 1286 2782 Barcsaius
1309 2736 1356 2781 et
1372 2732 1866 2793 Caransebesienses,

372 2811 632 2880 oppidanis
656 2815 987 2880 praemonitis,
1000 2815 1050 2863 in
1076 2816 1170 2865 duo
1197 2817 1417 2880 copiolas
1444 2832 1560 2866 suas
1587 2816 1781 2880 agmina
1796 2815 1864 2863 di-

372 2901 604 2959 viserant,
631 2915 689 2948 ac
713 2899 774 2947 iis
801 2900 851 2947 in
875 2897 1066 2947 insidiis
1106 2903 1240 2947 stare
1279 2900 1538 2948 iusserant.
1578 2899 1866 2949 Iniunxerat

375 2983 641 3032 Barcsaius
674 2982 819 3031 etiam
845 2981 1089 3046 provisori
1116 2982 1438 3044 Lugasiensis
1465 2982 1671 3044 castelli,
1708 2986 1761 3031 ut
1797 2980 1864 3029 si-
