2112 3288
334 170 440 220 314
855 185 919 218 10.
945 185 1077 218 meon
1102 185 1299 218 BAROVH

331 302 577 367 peditibus
605 306 803 350 strenue
830 317 921 365 per
946 302 1239 365 paludinosa
1267 317 1457 366 quoque
1483 303 1591 350 loca
1618 317 1819 366 progre-

334 387 494 436 diente
509 386 572 434 ad
585 391 793 434 montem
807 385 1133 448 Raczenberg
1148 387 1454 450 appulerunt.
1472 386 1547 433 lbi
1562 400 1731 434 rursus
1745 399 1819 434 or·

333 471 525 519 dinibus
541 470 763 518 omnibus
780 468 1039 531 diligenter
1049 470 1318 534 dispositis,
1346 474 1492 532 atque
1506 474 1558 517 ut
1576 475 1675 518 tam
1690 469 1821 532 equi-

331 558 421 612 tes,
450 569 594 616 quam
607 552 797 616 pedites
810 553 967 600 locum
983 567 1120 601 suum
1138 557 1363 601 tueantur
1378 552 1529 600 amice
1545 552 1820 614 admonitis,

332 642 514 700 quanta
525 640 731 700 possunt
755 635 1101 695 taciturnitate,
1130 650 1273 698 quum
1288 635 1480 684 circiter
1502 640 1690 683 centum
1710 650 1822 699 pas-

331 736 415 770 sus
452 720 587 784 ponti
625 719 1113 783 appropinquassent,
1153 719 1438 767 consistunt.
1476 718 1607 766 Ecce
1646 722 1821 779 autem,

332 819 474 867 quum
488 808 640 852 totam
655 797 762 851 eam
781 807 971 851 noctem
998 801 1361 851 luna-obscuris
1387 802 1596 850 nubibus
1623 802 1820 850 obtecta

328 887 570 946 latuisset,
598 885 759 935 subito
773 890 873 934 tam
888 884 1021 933 clare
1040 884 1247 944 emicuit,
1273 888 1327 932 ut
1342 899 1507 932 omnes
1523 884 1585 932 ad
1603 900 1746 933 unum
1772 884 1821 933 in

330 969 734 1034 praesentissima
752 966 1010 1016 formidine
1033 967 1214 1015 fuerint
1241 967 1466 1030 correpti,
1492 982 1553 1015 ne
1575 968 1821 1017 excubito-

329 1069 410 1103 res
427 1053 625 1102 Turcici
637 1053 857 1100 fraudem
872 1050 1249 1111 subolfacerent,
1275 1065 1366 1097 nec
1389 1054 1487 1098 tam
1515 1049 1721 1098 animosi
1746 1065 1822 1099 co-

329 1142 473 1186 natus
488 1152 514 1184 e
528 1134 769 1199 superiori
783 1135 892 1182 loco
909 1149 939 1182 a
951 1131 1184 1193 vigilibus
1195 1131 1689 1195 deprehenderentur.
1705 1131 1824 1182 Pro-
1894 1137 1896 1139 ’

326 1220 439 1270 inde
457 1220 713 1268 universos
728 1216 981 1265 confestim
996 1213 1528 1276 Schwarzenburgicus
1545 1223 1691 1278 atque
1704 1215 1819 1263 Pal-

327 1306 419 1352 fius
458 1303 521 1352 ad
549 1303 679 1367 piam
705 1317 795 1366 pro
833 1301 966 1349 felici
990 1299 1180 1348 itineris
1219 1313 1452 1348 successu
1489 1300 1822 1363 precationem

326 1386 511 1436 hortati
524 1387 673 1435 fuere.
690 1384 833 1444 Quod
847 1400 953 1433 cum
966 1384 1147 1431 factum
1160 1382 1350 1443 fuisset,
1367 1383 1527 1432 subito
1538 1382 1700 1447 caligo
1710 1384 1822 1432 den-

328 1485 385 1518 sa
410 1470 480 1518 ita
503 1469 668 1517 lunam
683 1467 965 1530 coelumque
979 1465 1258 1513 universum
1275 1464 1503 1523 contexit,
1519 1480 1578 1512 ac
1602 1465 1821 1513 tenebris
1875 1466 1880 1470 ’

324 1553 542 1612 involuit,
569 1557 622 1601 ut
646 1566 834 1599 omnem
862 1549 992 1598 arcis
1020 1548 1303 1598 custodibus
1330 1563 1506 1609 rerum,
1542 1563 1667 1611 quae
1693 1548 1823 1596 infra

328 1639 630 1698 gererentur,
656 1637 970 1697 prospectum
997 1631 1246 1680 adimeret.
1267 1683 1270 1687 ,
1294 1631 1405 1690 Qua
1429 1646 1483 1679 re
1509 1631 1618 1679 visa
1642 1631 1820 1679 tacitas

326 1719 435 1767 Deo
461 1717 681 1766 universi
706 1716 896 1778 gratias
924 1719 1087 1777 agunt,
1114 1714 1428 1776 tenebrisque
1454 1713 1573 1762 tecti
1604 1714 1821 1779 ponticu-

324 1803 423 1851 lum
450 1800 512 1849 ad
537 1799 871 1848 traiectionem
899 1799 1066 1865 fossae
1092 1797 1189 1845 iam
1216 1802 1362 1846 antea
1377 1801 1710 1861 comparatum
1737 1813 1818 1845 ex-

325 1885 538 1948 pediunt,
580 1897 735 1946 eoque
773 1883 960 1931 fossam
996 1881 1314 1942 transgressi,
1341 1880 1596 1944 petardam
1634 1880 1823 1928 cancel-

323 1967 387 2016 lis
412 1971 666 2031 portarum
692 1966 960 2030 applicant,
987 1969 1135 2027 atque
1148 1964 1461 2012 inflammant.
1491 1965 1571 2012 Ita
1585 1963 1818 2012 cancellis

324 2055 573 2114 portarum
613 2049 845 2109 disiectiS,
884 2049 1197 2111 grandiorem
1235 2047 1491 2110 petardam
1527 2051 1701 2110 portae
1739 2046 1823 2093 ad-

324 2138 534 2194 movent,
573 2148 632 2182 ac
668 2132 855 2195 ingenti
895 2147 1000 2180 cum
1028 2131 1189 2179 sonitu
1214 2129 1497 2193 explodunt.
1539 2129 1647 2188 Quo
1684 2128 1816 2177 facto

324 2217 479 2281 portis
519 2216 741 2264 omnibus
792 2219 1032 2264 momento
1077 2213 1312 2278 temporis
1361 2226 1564 2276 prorsus
1603 2211 1822 2260 disiectis
1875 2205 1888 2264 ”,

322 2299 654 2350 Vabacurtius
691 2298 944 2362 irrumpit,
997 2312 1200 2360 eumque
1239 2301 1434 2344 ceterae
1474 2295 1699 2343 cohortes
1739 2309 1814 2342 or-

327 2383 438 2431 dine
477 2382 601 2430 citra
627 2396 815 2429 omnem
841 2380 1302 2442 tergiversationem
1327 2384 1472 2440 atque
1498 2391 1684 2425 moram
1709 2376 1822 2425 sub-

326 2469 604 2529 sequuntur.
631 2463 844 2512 Barbari
871 2463 952 2526 qui
976 2463 1025 2510 in
1052 2460 1270 2510 excubiis
1287 2464 1439 2531 erant,
1466 2459 1618 2508 tacita
1631 2463 1820 2508 nostro-

325 2564 430 2597 rum
456 2555 670 2607 susurra,
697 2545 917 2609 tantique
941 2545 1131 2593 numeri
1169 2543 1414 2591 hominum
1451 2542 1817 2591 mussitationes

324 2630 690 2689 inaudiverant,
740 2628 1003 2693 praemissi
1057 2627 1182 2675 enim
1228 2630 1368 2674 erant
1418 2624 1570 2688 aliqui
1618 2624 1818 2686 linguae

327 2713 568 2763 Turcicae
593 2711 752 2776 periti,
775 2710 856 2774 qui
883 2714 1202 2759 commeatum
1227 2710 1379 2756 affore
1407 2707 1640 2767 dicerent,
1667 2720 1818 2769 seque

326 2798 469 2846 simul
487 2808 727 2859 'sponsam
769 2793 858 2842 filii
886 2792 1065 2842 Aronis
1094 2791 1236 2854 Agae
1264 2791 1508 2839 Budensis
1543 2804 1707 2838 secum
1733 2788 1817 2836 ab·

327 2881 555 2929 ducturos
594 2880 1037 2926 commemorarent.
1090 2873 1189 2923 Sed
1230 2874 1488 2922 velocitate
1534 2876 1811 2921 nostrorum

327 2961 582 3027 praeventi
607 2948 710 3010 rem
737 2959 915 3008 ceteris
943 2956 1224 3019 significare
1258 2970 1355 3003 non
1391 2958 1661 3019 potuerant.
1691 2953 1818 3005 Nam
