2112 3288
476 192 575 240 238
1005 205 1070 239 10.
1098 205 1235 238 neon
1259 195 1458 238 RARovn

473 321 691 385 Principi
738 321 1056 382 extorserint,
1096 337 1186 370 nec
1226 322 1330 370 eius
1369 320 1626 369 restitutae
1665 321 1968 371 conditiones

474 409 647 468 postea
683 404 1009 464 observarint,
1048 404 1153 453 iure
1193 404 1377 453 amissa
1414 403 1661 452 libertatis
1700 419 1968 468 praeroga-

474 487 578 535 tiva
615 487 665 535 in
690 487 948 551 pristinam
995 488 1249 536 servitutis
1290 487 1613 536 conditionem
1637 487 1871 536 redactos
1897 487 1966 536 vi·
2006 473 2009 475 ’

476 571 593 618 deri.
632 570 742 618 Hac
776 571 1021 620 sententia
1059 572 1398 634 pronunciata,
1429 571 1678 619 Primores
1706 571 1963 620 confestim

478 653 761 715 Siculorum,
797 655 878 717 qui
903 654 1142 717 reliquam
1168 655 1305 716 vulgi
1331 653 1684 703 multitudinem
1726 654 1964 718 exemplis

476 737 579 786 suis
619 737 1135 800 cohortationibusque
1160 738 1415 800 regebant,
1442 754 1515 786 ne
1543 737 1723 801 dilapsi
1750 738 1966 801 reliquos

475 821 739 884 populares
779 820 842 869 ad
885 821 1120 870 sumenda
1159 837 1295 869 arma
1334 822 1619 881 excitarent,
1660 821 1830 870 eodem
1869 837 1965 870 mo-

478 908 639 951 mento
678 901 920 965 Principis
960 894 1118 952 edicto
1159 904 1289 967 capti
1327 920 1385 953 ac
1420 905 1469 952 in
1509 919 1755 953 carcerem
1793 894 1973 955 conditi

478 985 628 1035 fuere.

877 1185 1109 1238 cAPVT
1149 1186 1545 1242 sEcVNDVM.
1590 1152 1592 1154 ’
1626 1213 1630 1216 -

486 1295 560 1343 De
586 1298 832 1359 copiarum
862 1299 912 1344 in
938 1296 1239 1346 Moldaviam
1276 1299 1529 1347 missarum
1555 1299 1706 1360 clade,
1732 1298 1974 1348 miserabi-

758 1377 884 1447 lique
912 1376 1145 1441 Stephani
1184 1379 1431 1443 Vajvodae
1455 1382 1712 1446 supplicio.

627 1486 958 1550 Posteaquam
999 1486 1210 1538 Sinanus
1249 1491 1454 1540 traiecto
1495 1492 1724 1541 Danubio
1764 1493 1975 1542 cumin·

486 1572 714 1637 gentibus
743 1571 898 1636 copiis
926 1572 1312 1637 Transalpinam
1350 1575 1606 1638 ingressus
1656 1581 1744 1638 est,
1797 1574 1975 1625 Cosaci

484 1671 572 1704 seu
598 1661 868 1719 spontaneo
895 1654 1138 1703 vindictae
1166 1656 1342 1716 studio,
1380 1659 1559 1722 quippe
1587 1660 1668 1722 qui
1695 1665 1977 1709 constanter

484 1741 731 1788 Aaronem
757 1743 1058 1799 amaverunt,
1087 1754 1175 1787 seu
1189 1740 1475 1789 connivente
1491 1742 1562 1789 eis
1576 1743 1760 1791 Ioanne
1777 1741 1971 1792 Samos-

484 1825 557 1873 cio
586 1823 822 1872 Poloniae
851 1820 1176 1884 Cancellario,
1208 1824 1289 1886 qui
1316 1829 1413 1872 tum
1440 1839 1528 1889 pro
1555 1824 1730 1874 finibus
1757 1825 1971 1875 Russiae

487 1906 721 1958 excubias
748 1910 918 1953 contra
945 1905 1197 1954 Barbaros
1225 1908 1420 1969 agebat,
1459 1908 1508 1956 in
1534 1908 1834 1970 Moldaviam
1857 1910 1978 1964 irru-

485 1996 673 2057 perant,
723 1991 964 2055 pulsoque
1002 1991 1115 2039 inde
1142 1990 1392 2055 Stephano
1436 1994 1694 2042 Ieremiam
1731 1995 1973 2058 quondam

488 2075 640 2126 nobili
678 2089 861 2137 genere
901 2074 1152 2123 oriundum
1193 2075 1477 2138 provinciae
1515 2077 1872 2139 praefecerunt.
1926 2079 1978 2127 Is

489 2159 801 2223 sigismundo
840 2158 1067 2222 Principe
1107 2160 1443 2223 Transalpina
1493 2161 1802 2225 expeditione
1842 2178 1960 2212 occu

489 2250 618 2309 pat0,
646 2243 851 2291 amicum
878 2257 932 2291 se
959 2242 1321 2306 Transylvanis
1358 2245 1465 2293 fore
1490 2245 1759 2307 professus,
1798 2246 1980 2295 nullum

489 2326 683 2375 hostilis
735 2326 882 2373 animi
932 2326 1122 2388 signum
1171 2327 1360 2375 interea
1410 2328 1643 2390 temporis
1683 2311 1979 2378 ostenderat.

490 2411 607 2460 Ideo
633 2410 811 2457 factum
840 2414 929 2468 est,
956 2414 1008 2457 ut
1034 2425 1139 2457 cum
1164 2409 1338 2458 Poloni
1367 2415 1566 2458 venturo
1599 2409 1849 2475 Stephano
1878 2427 1976 2460 ces-

491 2493 606 2550 suri,
647 2506 705 2539 ac
728 2491 778 2538 in
804 2491 924 2538 fines
956 2490 1190 2540 Poloniae
1219 2491 1341 2539 citra
1361 2506 1546 2540 moram
1571 2493 1851 2554 regressuri
1880 2509 1980 2543 cre-

494 2578 737 2634 derentur,
766 2559 1018 2637 Princeps»,
1046 2578 1306 2637 antequam
1335 2573 1513 2623 Albam
1540 2576 1736 2646 rediret,
1777 2575 1982 2639 Stepha-

493 2645 605 2708 num
631 2658 910 2707 Moldaviae
935 2656 1212 2705 Palatinum
1251 2674 1357 2706 cum
1395 2659 1584 2707 duobus
1623 2659 1821 2717 circiter,
1851 2661 1981 2724 equi-

494 2749 593 2792 tum
629 2736 941 2805 peditumque
979 2739 1194 2788 millibus
1233 2741 1282 2788 in
1321 2742 1624 2804 provinciam
1662 2743 1981 2804 ablegaverit.

497 2823 779 2889 Stephanus
805 2821 981 2888 partim
1008 2825 1115 2888 spei
1143 2824 1201 2872 de
1227 2823 1427 2874 Polonis
1455 2830 1720 2889 conceptae
1758 2827 1983 2887 confisus,

499 2908 677 2972 partim
703 2908 860 2970 fugati
887 2906 1055 2956 Sinani
1082 2908 1301 2956 discessu
1340 2910 1512 2970 elatus,
1549 2910 1697 2957 multo
1737 2925 1879 2972 quam
1906 2909 1984 2958 de-

499 2992 681 3040 cuisset
707 2991 993 3054 imparatior
1019 2990 1141 3039 fines
1167 2992 1448 3054 provinciae
1488 2975 1744 3054 ingressus
1784 2998 1871 3041 est.
1925 2993 1983 3041 Id
