2112 3288
464 173 531 225 50
981 189 1044 221 io.
1072 187 1203 221 Dnon
1227 187 1424 221 BARovn

462 307 643 356 tudinis
669 321 819 356 causa
844 319 1109 370 prosperos
1145 318 1334 367 quoque
1371 317 1534 351 rerum
1572 314 1832 349 successus
1870 300 1943 350 eis

468 391 677 456 cupiant,
716 372 965 439 ut'autem
1005 388 1178 449 studia,
1218 401 1491 451 operasque
1519 399 1624 433 cum
1652 384 1722 432 eis
1750 383 1944 434 coniun-

466 480 598 539 gant,
623 474 754 523 haud
779 473 843 522 ad
868 487 953 521 eos
985 473 1244 537 pertinere.
1272 470 1399 531 Quin
1437 470 1574 534 ipsos
1602 467 1747 517 etiam
1775 465 1944 520 Chris-

466 558 629 612 tianos
666 557 937 621 Principes,
975 557 1279 620 populosque
1317 556 1366 603 id
1405 555 1476 603 eis
1504 556 1622 605 vitio
1647 558 1841 604 vertere
1864 569 1946 604 ne-

467 658 710 708 quaquam
734 656 898 707 posse,
926 641 969 689 si
995 640 1165 704 aequis
1192 640 1365 689 animis
1405 655 1570 690 secum
1595 638 1947 705 reputaverint,

471 741 564 791 quo
590 727 697 776 loco
725 724 823 774 sint
839 724 1192 788 Transylvani,
1221 729 1268 773 et
1295 739 1437 788 quam
1464 725 1585 774 dura
1609 724 1696 773 illa
1723 721 1948 784 conditi0,

466 824 526 857 ne
554 809 741 859 dicatur
767 808 993 868 servitus,
1022 807 1099 868 sit,
1127 808 1204 857 cui
1229 807 1314 868 illi,
1328 809 1554 872 publicae
1580 807 1755 858 salutis
1770 806 1946 871 gratia,

462 908 638 957 parere
665 897 914 955 cogantur.
941 890 1064 951 Quis
1091 891 1216 940 enim
1242 906 1338 941 non
1375 892 1540 943 videat
1576 891 1781 956 periculi
1817 891 1947 956 ipso-

464 991 580 1037 rum,
609 975 715 1025 sive
740 974 1168 1039 propinquitatem,
1209 975 1313 1024 sive
1351 977 1746 1040 magnitudinem,
1797 974 1947 1024 immi-

463 1060 690 1109 nentibus
717 1059 790 1107 eis
814 1058 1122 1121 undiquaque
1160 1063 1233 1108 tot
1274 1060 1542 1111 Turcarum
1569 1059 1848 1126 praesidiis,
1877 1063 1949 1108 tot

464 1143 639 1192 vicinis
664 1142 944 1192 nationibus
971 1140 1232 1203 Moldavis,
1260 1144 1512 1206 Valachis,
1541 1144 1784 1206 Tartaris,
1823 1158 1947 1207 quae

464 1228 606 1276 unico
631 1231 816 1275 tantum
842 1225 1002 1285 sibilo,
1030 1240 1088 1273 ac
1124 1224 1483 1287 significatione
1511 1226 1746 1277 Caesaris
1782 1226 1948 1275 litera-

466 1327 585 1374 rum,
637 1325 824 1359 omnem
862 1308 934 1357 eis
971 1307 1103 1357 illico
1144 1309 1469 1360 calamitatem
1515 1316 1683 1361 essent
1718 1310 1949 1374 importa-

463 1392 640 1445 turae‘?
692 1398 824 1443 certe
875 1393 1011 1457 prius
1064 1393 1425 1457 Transylvanis
1464 1396 1763 1461 pereundum
1801 1399 1949 1455 esset,

466 1495 610 1544 quam
636 1479 716 1527 vel
741 1476 1103 1542 persentiscere
1142 1482 1327 1527 tantum
1365 1479 1495 1529 aliae
1533 1479 1755 1529 nationes
1782 1492 1949 1527 eorum

465 1562 608 1623 mala,
634 1561 809 1611 nedum
835 1576 975 1625 opem
1000 1562 1130 1610 ferre
1157 1561 1509 1625 laborantibus,
1543 1568 1760 1629 possent.

609 1644 738 1705 Quid
763 1650 922 1694 autem
948 1644 1081 1693 aliud
1105 1645 1375 1709 postulanti
1401 1646 1598 1708 SinanO,
1624 1651 1676 1696 ut
1716 1646 1814 1701 vim
1839 1644 1950 1695 hos·
1998 1663 2001 1665 ’

464 1729 595 1778 tibus
620 1729 847 1790 inferant,
874 1729 1160 1794 responderi
1186 1731 1370 1794 possit,
1424 1747 1568 1795 quam
1606 1746 1660 1780 se
1700 1730 1763 1780 ad
1788 1728 1950 1779 omnia

464 1819 680 1878 paratos,
708 1813 851 1863 simul
877 1818 1024 1877 atque
1049 1829 1140 1878 per
1166 1815 1279 1863 anni
1316 1820 1507 1880 tempus
1544 1815 1704 1877 liceat,
1738 1806 1949 1864 officium

467 1913 579 1947 esse
604 1899 851 1954 facturos3
891 1898 1109 1962 alioquin
1146 1899 1394 1950 diversum
1421 1900 1668 1966 quippiam
1693 1898 1948 1963 cogitanti-

466 1984 572 2044 bus,
600 1983 746 2033 obiici
772 1982 938 2032 statim
963 1982 1067 2032 iure
1093 1988 1279 2047 posset,
1308 1985 1533 2050 simulate
1566 1999 1650 2034 eos
1689 1983 1834 2032 fidem
1871 1997 1948 2031 co-

466 2065 632 2128 luisse,
660 2082 767 2117 cum
794 2064 1015 2127 Caesari,
1044 2071 1093 2115 et
1119 2067 1322 2127 nunciiS,
1350 2074 1400 2117 et
1435 2069 1593 2118 literis
1620 2067 1947 2127 ostenderent,

467 2151 664 2200 eosdem
683 2165 738 2199 se
765 2165 969 2215 quoque,
1021 2165 1143 2214 quos
1186 2152 1290 2213 ille,
1317 2152 1594 2214 amicorum,
1642 2152 1950 2215 hostiumque

385 2246 391 2251 “
467 2235 574 2284 loco
600 2235 870 2284 habituros
901 2234 1117 2284 Proinde
1145 2235 1189 2284 si
1215 2236 1315 2285 iam
1341 2237 1504 2297 instet,
1532 2236 1791 2286 advenisse
1806 2249 1948 2284 occa-

467 2318 652 2366 sionem
678 2318 907 2382 explendi
933 2318 1097 2379 debiti,
1144 2324 1240 2382 qua
1276 2319 1435 2369 fronte
1472 2320 1524 2367 id
1560 2319 1822 2382 negabunt.
1862 2315 1950 2366 Sin

469 2406 629 2450 autem
654 2402 890 2465 negarint,
918 2417 1076 2450 nonne
1101 2417 1190 2466 pro
1218 2404 1451 2452 convictis
1491 2418 1576 2451 eos
1611 2402 1776 2452 statim
1800 2401 1949 2450 habe-

467 2490 589 2546 rent,
615 2491 665 2535 et
687 2491 935 2549 tamquam
960 2500 1074 2535 reos
1112 2487 1400 2548 maiestatis,
1427 2487 1624 2537 omissis
1663 2486 1774 2536 aliis
1799 2485 1951 2535 hosti-

467 2569 574 2631 bus,
599 2568 714 2618 totis
740 2558 929 2617 viribus
956 2574 1286 2633 oppugnatum
1316 2570 1551 2619 venirent.
1593 2569 1691 2619 Sed
1718 2569 1870 2629 detur,
1898 2567 1948 2616 id

467 2652 518 2701 in
541 2646 832 2718 praesentia,
861 2652 1111 2717 occupatis
1137 2654 1433 2716 gravissimo
1449 2655 1594 2716 bello,
1622 2654 1949 2717 aliorsumque

471 2736 889 2796 contendentibus,
915 2736 1050 2785 factu
1076 2736 1274 2786 difficile
1300 2738 1421 2787 fore.
1438 2736 1566 2797 Quid
1603 2737 1647 2786 si
1673 2753 1778 2786 cum
1803 2734 1957 2785 Chri-¹

469 2820 643 2869 stianis
668 2820 718 2868 in
744 2820 954 2883 gratiam
979 2820 1208 2881 redirent,
1248 2836 1352 2870 cum
1392 2821 1568 2884 quibus
1605 2819 1814 2870 nondum
1851 2819 1949 2883 ipsi

467 2903 641 2952 foedus
666 2903 812 2952 ictum
836 2903 1088 2966 haberent,
1116 2920 1177 2952 an
1202 2919 1297 2952 non
1334 2905 1476 2968 primi
1516 2904 1587 2954 eis
1615 2901 1950 2966 Transylvani

470 2989 631 3035 statim
659 2991 982 3048 occurrerent,
1012 3002 1132 3051 quos
1160 2988 1255 3036 sibi
1281 2989 1492 3037 Barbari
1532 2988 1754 3036 omnibus
1792 2985 1948 3035 modis
