2112 3288
24 3280 35 3288 ¹,
22 3220 28 3234 „
5 3112 38 3185 'w‘
0 2892 35 3106 &uzant-Qasr&

636 188 700 221 nn
725 187 832 222 REB.
857 185 970 222 vno.
996 187 1105 222 nne.
1131 188 1175 222 x,
1203 188 1247 222 L.
1274 189 1303 222 1.
1506 199 1512 203 -
1652 179 1711 227 17

231 306 449 367 collatis,
475 310 611 354 tanto
637 304 813 354 ardore
838 304 1077 369 praelium
1103 304 1281 366 iniere,
1309 311 1361 354 ut
1386 288 1576 357 hestem
1604 295 1713 357 con-

228 391 391 442 festim
414 390 464 439 in
499 390 666 454 fugam
691 394 965 450 verterent,
1004 394 1053 438 et
1091 403 1277 438 summa
1314 389 1363 437 vi
1401 390 1451 438 in
1489 389 1716 457 Colapim

227 474 422 526 fluvium
447 473 770 538 impellerent.
810 473 986 522 Mirum
1012 474 1232 538 profecto
1259 474 1374 535 fuit,
1402 479 1451 523 et
1476 475 1570 523 soli
1597 476 1716 524 divi-

227 551 322 609 nae
358 558 606 624 potentiae
632 557 1034 619 adscribendum,
1074 557 1201 622 quod
1225 563 1364 608 tanta
1395 558 1717 609 barbarorum

226 642 509 705 multitudo,
547 643 701 707 primo
728 642 901 701 statim,
932 647 1211 692 nostrorum
1236 643 1419 708 impetu
1451 644 1610 699 fundi,
1650 650 1719 694 at-

227 743 321 794 que
358 726 522 792 fugari
560 727 799 793 potuerit,
838 732 974 777 tanto
1013 726 1208 777 divinae
1247 728 1534 777 clementiae
1573 743 1717 791 argu-

228 817 414 873 mento,
455 806 508 862 ut
533 812 701 877 plures
729 829 759 862 a
785 827 839 862 se
864 812 1096 872 invicem,
1139 811 1250 861 dum
1276 813 1403 862 alter
1429 813 1632 862 alterum
1670 813 1721 861 in

227 897 349 962 fuga
373 897 673 963 praecedere
698 897 924 959 festinat,
953 902 1002 947 et
1027 897 1223 947 flumine
1251 895 1480 963 ColapiS,
1521 914 1663 962 quam
1692 914 1721 946 a

226 982 410 1033 nostris
435 981 671 1032 militibus
684 983 924 1048 perempti
937 982 1144 1032 fuerunt.
1175 982 1378 1032 Periere
1394 998 1500 1032 cum
1514 982 1720 1032 Hazono

229 1067 392 1118 Bassa
417 1082 601 1117 summo
640 1067 889 1132 copiarum
930 1067 1050 1117 duce
1083 1067 1318 1130 Memius,
1358 1067 1633 1129 Rustanus,
1674 1072 1723 1116 et

228 1150 509 1203 Achmanus
536 1150 774 1202 Caesaris
801 1152 1007 1211 amitae,
1048 1151 1107 1201 de
1134 1167 1230 1217 qua
1255 1153 1402 1217 paulo
1428 1158 1542 1218 post
1573 1151 1721 1218 pluri-

228 1237 322 1288 bus
348 1237 563 1300 dicetur,
589 1237 735 1300 filius,
761 1237 952 1302 iuvenis
978 1237 1220 1287 maximae
1232 1238 1329 1287 iam
1345 1238 1466 1303 spei.
1493 1237 1723 1287 Praefec-

227 1327 307 1373 tus
326 1323 543 1388 Illyrici,
581 1322 827 1387 ceterique
854 1322 1041 1387 aliquot
1078 1322 1252 1383 duces,
1287 1337 1410 1387 quos
1436 1322 1533 1387 ipsi
1557 1322 1724 1385 Begas

230 1412 432 1467 vocant,
470 1407 553 1472 qui
592 1422 758 1458 omnes
792 1405 995 1472 Colapis
1032 1407 1227 1457 flumine
1265 1408 1508 1457 submersi
1533 1406 1736 1457 interie-·

232 1497 358 1543 runt.
387 1491 742 1557 Gregariorum
768 1506 997 1541 numerus
1025 1497 1157 1542 certo
1183 1492 1295 1542 iniri
1309 1509 1405 1543 non
1429 1492 1602 1558 potuit,
1618 1506 1725 1541 cum

227 1576 466 1642 plurimos
475 1576 816 1642 rapidissimus
831 1574 1036 1641 Colapis
1052 1592 1238 1640 gurges
1253 1576 1561 1642 absorpserit
1571 1593 1581 1639 ;
1592 1561 1725 1626 certo

229 1666 393 1712 tamen
416 1661 586 1722 fertur,
603 1660 667 1710 ad
681 1659 855 1723 viginti
870 1675 958 1709 sex
981 1659 1305 1711 barbarorum
1331 1661 1485 1710 millia
1511 1677 1570 1710 ea
1585 1660 1724 1710 clade

227 1745 452 1811 periisse,
481 1745 562 1810 qui
577 1745 719 1795 nimis
741 1750 1030 1810 extenuant,
1057 1746 1271 1795 sedecim
1298 1745 1451 1795 millia
1466 1746 1728 1810 absumpta

231 1845 343 1881 esse
368 1830 594 1896 tradunt3
634 1835 746 1881 sunt
771 1830 922 1880 etiam
946 1835 1190 1880 tormenta
1215 1845 1304 1880 sex
1331 1831 1545 1880 maxima
1570 1830 1725 1879 hosti-

230 1916 324 1966 bus
351 1916 593 1981 adempta,
620 1931 823 1980 quorum
837 1915 888 1964 in
901 1931 1101 1966 numero
1115 1931 1260 1966 unum
1274 1916 1365 1966 fuit
1378 1931 1524 1966 rarae
1543 1915 1729 1978 magni-

230 2000 439 2064 tudinis,
482 2001 611 2065 quod
638 2000 753 2050 olim
792 1998 1037 2050 Cacianus
1064 2015 1168 2050 cum
1196 2000 1398 2064 reliquis
1437 1999 1567 2065 apud
1605 2000 1728 2049 Eze—

233 2101 340 2136 cum
366 2085 612 2136 amiserat.
640 2083 740 2135 Sed
767 2089 816 2134 et
841 2084 1031 2134 minora
1050 2089 1306 2140 tormenta,
1334 2101 1480 2150 quam
1506 2083 1729 2150 plurima,

232 2186 328 2221 una
354 2186 462 2221 cum
484 2170 689 2235 triginta
713 2169 936 2232 navibUS,
965 2174 1251 2231 commeatu,
1280 2175 1542 2233 ceteraque
1568 2184 1730 2218 rerum

232 2256 559 2321 pretiosarum
573 2254 879 2305 multitudine
894 2255 1110 2305 oneratis
1132 2259 1304 2320 erepta
1328 2254 1552 2304 hostibus
1578 2254 1729 2303 fuere.

234 2341 314 2390 Ita
337 2340 477 2404 fusiS,
503 2341 786 2406 fugatisque
803 2340 996 2402 Turcis,
1013 2345 1178 2390 castra
1193 2355 1359 2390 eorum
1372 2346 1511 2390 trans
1533 2339 1730 2389 fluvium

234 2425 437 2492 Colapis
462 2426 651 2488 relicta,
678 2425 887 2476 navibus
914 2425 1155 2476 coriaceis
1183 2426 1247 2475 ad
1273 2440 1358 2475 eos
1383 2439 1504 2475 usus
1524 2424 1622 2473 iam
1648 2439 1729 2472 an-

234 2515 316 2560 tea
341 2511 598 2573 confectis,
626 2510 807 2560 milites
843 2509 1142 2572 transvecti,
1170 2510 1430 2575 diripuere,
1458 2514 1506 2558 et
1532 2509 1732 2557 calones
1799 2509 1802 2513 ’

236 2609 404 2645 omnes
429 2607 536 2646 cum
560 2601 663 2647 toto
689 2595 957 2661 praesidio,
986 2601 1134 2660 atque
1161 2595 1292 2645 lixas
1318 2595 1496 2660 partim
1523 2591 1734 2643 trucida-

236 2693 368 2741 vere,
394 2679 570 2745 partim
598 2681 689 2731 sub
716 2696 900 2733 corona
925 2680 1207 2731 vendidere.

873 2870 1110 2879 ——....--—-—

296 3114 452 3143 MONVM.
468 3112 585 3140 HVNG.
598 3114 701 3139 flls'r.
715 3125 748 3130 —
766 3110 1013 3138 SCRIPTORES.
1026 3110 1117 3137 XVII.
1539 3094 1565 3138 2
