2112 3288
577 178 643 211 DE
668 178 777 211 REB.
807 175 919 210 vNG.
948 177 1059 209 ΒΕΘ.
1088 177 1136 209 x.
1166 177 1210 209 L.
1237 177 1282 208 v.
1537 213 1545 216 ,
1624 163 1721 213 101

218 298 324 359 tuit,
348 300 402 346 ut
427 294 596 358 copias
625 307 807 351 omnes,
837 307 960 356 quas
984 292 1298 354 undiquaque
1326 292 1617 339 contrahere
1644 308 1731 355 po-

219 380 325 440 tuit,
350 379 400 428 in
429 379 551 427 duas
577 382 746 441 partes
774 375 1030 424 divideret.
1057 373 1248 422 Alteris
1294 374 1535 436 praefecit
1562 373 1730 423 Chris-

215 463 473 528 tophorum
513 458 923 518 Tiffenbachium,
941 457 1255 517 Generalem,
1270 462 1323 505 ut
1337 462 1530 516 vocant,
1543 455 1729 506 Oasso-

215 547 448 605 iriensem,
476 544 647 608 eisque
686 542 908 592 adiunxit
942 541 1238 607 praecipuos
1278 554 1499 603 quosque
1540 555 1602 588 ex
1628 541 1729 589 Vn-

217 627 355 694 garis
384 642 636 694 proceres.
691 626 994 692 Stephanum
1034 625 1348 682 Bathoreum,
1401 622 1728 672 Franciscum

216 714 377 771 nobo,
409 711 716 778 Stephanum
755 710 1132 769 Homonnaium,
1160 706 1528 771 Sigismundum
1563 706 1732 760 Rako-

217 798 388 859 ezium,
415 802 466 846 et
491 796 617 845 alios
646 796 919 856 nonnullos,
948 808 1071 859 quos
1098 806 1267 842 omnes
1281 793 1532 842 nominare
1555 794 1727 856 singil-

215 881 356 932 latim
380 895 588 931 necesse
608 896 706 929 non
730 879 939 928 videtur.
967 877 1064 926 His
1090 877 1247 936 iussit,
1275 882 1328 926 ut
1342 878 1554 927 collecto
1584 893 1728 942 quam

215 965 429 1016 maximo
454 969 661 1030 possent
687 964 920 1024 exercitu,
947 961 1233 1011 Hatvanum
1258 961 1499 1026 imprimis
1535 962 1729 1013 obside-

214 1055 338 1114 rent,
365 1049 495 1116 quod
532 1065 630 1100 non
667 1050 839 1114 procul
880 1049 944 1097 ab
984 1046 1147 1109 Agria
1187 1046 1439 1107 dissitum,
1481 1049 1725 1097 maximas

215 1134 511 1200 quandoque
549 1133 805 1182 molestias
833 1130 1155 1182 Caesarianis
1199 1130 1466 1180 ditionibus
1505 1132 1729 1182 facesse-

214 1220 316 1269 bat.
343 1220 460 1284 Ipse
487 1233 595 1267 cum
643 1216 1082 1266 lelectissimorum
1123 1215 1555 1280 cataphractorum
1595 1218 1729 1280 equi-

214 1309 331 1367 tum,
369 1296 958 1369 expeditissimorumque
998 1299 1214 1365 peditum
1253 1315 1401 1349 manu
1427 1298 1731 1364 Strigonium

214 1387 426 1452 obsedit,
465 1387 638 1436 urbem
663 1401 762 1435 non
787 1385 960 1450 procul
987 1400 1018 1433 a
1044 1384 1187 1434 Buda
1213 1382 1454 1446 dissitam,
1483 1389 1532 1434 et
1572 1385 1730 1434 archi-

215 1470 508 1538 episcopali·
542 1471 662 1520 sede
715 1469 1102 1519 celeberrimam.
1143 1467 1380 1518 Habebat
1429 1485 1460 1518 a
1510 1469 1730 1519 consiliis

215 1555 457 1606 Matthias
483 1554 753 1617 Archidux,
792 1557 993 1619 praeter
1019 1552 1269 1601 Davidem
1309 1553 1527 1616 Vngnat,
1555 1552 1729 1602 Ferdi-

213 1639 430 1690 nandum
469 1638 795 1695 Hardekium‚
840 1634 1044 1685 Gallum
1082 1635 1265 1697 Braun,
1316 1637 1729 1700 prudentissimos

217 1724 455 1790 quosdam
482 1739 510 1773 e
537 1721 813 1773 Germania
840 1721 1006 1782 duces,
1038 1717 1311 1784 Georgium
1327 1719 1730 1782 Zrinium,Fran-

216 1809 399 1860 eiscum
426 1807 748 1869 Nadasdium,
778 1806 1040 1856 Nicolaum
1068 1803 1315 1866 Palffiu'm,
1369 1809 1418 1854 et
1458 1805 1583 1855 alios
1610 1820 1730 1855 non-

214 1892 394 1955 nullos,
421 1886 504 1957 qui
529 1906 699 1942 omnes
724 1907 816 1956 pro
846 1905 938 1939 sua
965 1876 1227 1952 singulari'
1245 1888 1296 1936 in
1334 1889 1548 1953 patriam
1576 1890 1730 1939 chari·

214 1983 333 2039 tate,
359 1993 420 2027 ac
453 1976 716 2027 excellenti
753 1976 810 2024 in,
843 1975 994 2024 rebus
1032 1972 1228 2022 bellicis
1266 1987 1384 2034 usU‚
1434 1974 1731 2039 peritiaque,

216 2062 339 2112 nihil
375 2060 568 2111 omnino
606 2060 1012 2119 intermittebant,
1077 2057 1209 2121 quod
1249 2057 1312 2106 ad
1351 2058 1728 2122 expugnandam

217 2146 341 2197 tanti
364 2144 597 2195 momenti
624 2159 788 2193 arcem
813 2143 1080 2208 pertinere,
1106 2142 1370 2191 videretur.
1388 2143 1446 2191 In
1459 2138 1538 2191 his
1565 2146 1730 2191 tamen

217 2229 574 2291 obsidionibus,
623 2228 748 2278 nihil
787 2228 947 2291 magis
986 2225 1307 2276 memorabile
1346 2225 1541 2275 videtur
1581 2226 1732 2276 conti-

214 2317 368 2381 gisse,
429 2330 578 2381 quam
629 2328 798 2380 pugna
849 2312 938 2360 ill'a
990 2310 1055 2360 ad
1105 2309 1390 2359 Hatvanum
1454 2311 1731 2372 commissa,

216 2400 266 2450 in
321 2414 418 2465 qua
466 2397 648 2458 nostri,
678 2396 933 2462 Stephano
973 2395 1252 2456 Bathoreo,
1317 2400 1365 2444 et
1411 2394 1729 2458 Sigismundo

215 2482 471 2533 Rzssxbczio
499 2482 719 2542 ducibus,
746 2480 993 2544 insignem
1023 2479 1083 2528 de
1099 2479 1343 2528 Barbaris
1373 2479 1629 2528 victoriam
1656 2495 1732 2529 re·

216 2571 498 2633 portarunt3
548 2582 646 2616 non
695 2565 786 2615 fuit
812 2563 1000 2614 ‘tamen
1062 2563 1320 2613 incruenta
1366 2564 1492 2612 haec
1541 2563 1728 2613 nostris

130 2692 137 2697 .
215 2650 436 2711 victoria,
449 2666 563 2700 nam
575 2655 776 2716 praeter
793 2648 1060 2714 gregarios
1077 2648 1261 2697 milites
1270 2649 1468 2713 periere
1479 2663 1587 2696 cum
1602 2647 1731 2707 aliis,

218 2735 354 2785 claro
380 2749 564 2798 genere
589 2735 691 2786 nati
727 2733 1020 2799 complures,
1058 2735 1159 2782 tum
1200 2732 1348 2781 etiam
1388 2730 1732 2794 Sigismundus

218 2817 361 2868 Banfi
397 2818 688 2881 Losoneius,
740 2834 882 2883 quem
909 2817 972 2866 ob
999 2817 1304 2880 singularem
1343 2816 1448 2864 eius
1488 2815 1732 2866 virtutem,

219 2902 569 2967 egregiamque
602 2902 843 2963 indolem,
892 2900 1056 2950 meriti
1093 2899 1296 2950 honoris
1337 2913 1487 2948 causa
1524 2899 1732 2948 nomino.

224 2985 410 3043 Territi
438 2985 633 3052 quidem
658 2985 798 3037 fuere
811 2986 908 3035 hae
924 2999 1123 3034 suorum
1142 2984 1283 3036 clade
1303 2983 1534 3045 Barbari,
1548 2998 1746 3032 verum-
