2112 3288
568 161 630 193 DE
657 159 763 193 REB.
790 159 901 192 VNG.
938 159 1045 191 nne.
1068 160 1116 193 x.
1143 159 1188 191 τι.
1218 160 1318 192 vm.
1535 202 1543 205 μ
1616 145 1716 195 175

219 277 369 340 aditu,
395 278 546 340 longe
574 290 718 340 quam
743 275 944 324 credere
972 275 1216 339 potuisset
1232 275 1574 325 amoeniorem.
1590 277 1708 326 Pro=

221 361 386 427 gressi
412 361 463 410 in
489 375 743 410 occursum
771 359 876 409 eius
902 358 1099 408 ordines
1127 359 1341 408 civitatis
1375 358 1714 425 splendidissi-

220 461 298 495 me
321 445 481 495 ornati
514 444 707 508 magnis
745 444 1004 510 plausibus
1031 459 1138 493 eam
1163 443 1423 509 excipiunt,
1452 450 1501 494 et
1539 461 1713 510 excep—

217 535 318 580 tam
365 528 415 578 in
463 530 632 580 urbem
671 544 810 579 suam
847 528 1172 590 introducunt,
1213 528 1350 578 cuius
1388 528 1486 578 iam
1524 530 1713 594 pridem
1787 528 1789 530 ’

217 614 340 676 fora,
367 615 679 680 compitaque
715 614 957 676 tricliniis,
997 630 1057 663 ac
1080 612 1284 663 floribus
1313 613 1538 678 omnique
1577 614 1712 664 festi-

215 699 387 750 vitatis
437 715 622 763 genere
673 699 1133 749 condecoraverant.
1199 699 1276 748 lbi
1326 699 1524 748 biduum
1587 714 1712 748 com-

214 788 421 847 morata,
460 784 693 847 Tordam,
732 800 792 833 ac
827 785 938 834 inde
973 784 1282 849 Enyedinum
1307 784 1635 849 progreditur,
1665 790 1713 833 et

212 869 324 935 pari
348 870 528 934 ubique
555 869 747 935 plausu,
774 885 833 919 ac
859 869 1059 934 publica
1086 884 1192 919 cum
1226 868 1418 919 laetitia
1456 869 1710 933 excipitur.

213 951 453 1020 Princeps
479 969 645 1004 morae
671 954 947 1019 impatiens»,
975 969 1071 1019 quo
1097 969 1236 1004 suam
1263 954 1311 1002 in
1351 952 1711 1018 optatissimam

210 1053 412 1088 uxorem
437 1040 744 1089 affectionem
770 1039 1059 1101 declararet,
1073 1039 1244 1104 paucis
1266 1054 1429 1088 secum
1456 1055 1482 1088 e
1508 1053 1709 1087 numero

210 1122 524 1175 familiarium
551 1125 820 1191 assumptis
848 1127 969 1189 (quo
1006 1125 1116 1190 ipso
1154 1129 1374 1189 tempore
1414 1129 1463 1173 et
1488 1139 1579 1173 nos
1606 1139 1708 1172 car-

210 1223 320 1257 men
346 1209 575 1267 votivum,
602 1209 908 1260 verissimam
946 1209 1140 1259 futurae
1169 1209 1228 1258 de
1261 1209 1440 1258 Turcis
1468 1208 1706 1258 victoriae

211 1291 574 1356 divinationem,
600 1294 780 1344 illustri
795 1310 901 1344 cum
917 1294 1022 1344 eius
1048 1294 1212 1356 gratia
1241 1330 1488 1342 ......
1518 1293 1562 1342 ei
1589 1292 1704 1341 iam-

209 1377 305 1426 iam
342 1394 607 1429 accessura
646 1394 810 1429 coram
848 1376 1129 1444 obtulimus)
1169 1378 1479 1443 Enyedinum
1505 1378 1566 1426 ad
1594 1392 1702 1426 eam

206 1462 432 1524 accurrit,
475 1464 640 1528 ibique
692 1464 947 1513 celebrata
995 1462 1267 1512 festivitate
1321 1467 1703 1527 extemporanea

206 1545 377 1596 eadem
416 1563 589 1598 rursus
628 1553 769 1597 nocte
808 1548 966 1598 rediit.
1007 1547 1106 1597 Sed
1145 1553 1193 1597 et
1220 1546 1416 1613 Sponsa
1459 1547 1700 1612 postridie

206 1630 522 1682 Tovissinum
559 1648 832 1698 progressa
870 1638 971 1694 est,
1026 1633 1095 1682 ibi
1136 1649 1198 1682 ex
1238 1632 1507 1697 composito
1558 1637 1699 1681 nocte

203 1716 430 1768 traducta
468 1715 711 1783 Sponsum
739 1718 835 1767 sibi
862 1722 1198 1768 occurrentem
1227 1721 1492 1782 expectare
1513 1717 1697 1766 statuit.

203 1800 442 1867 Princeps
469 1802 612 1851 simul
638 1818 698 1851 ac
723 1802 935 1852 diluculo
974 1801 1145 1867 prim0,
1175 1801 1419 1868 Sponsam
1458 1801 1551 1851 iter
1589 1817 1697 1851 coe—

201 1886 338 1951 pisse
388 1887 632 1951 cognovit,
676 1892 725 1936 et
762 1887 826 1936 ad
851 1903 995 1937 unum
1021 1887 1234 1952 lapidem
1262 1887 1456 1936 circiter
1481 1886 1592 1935 urbi
1617 1903 1698 1952 ap-

200 1971 562 2036 propinquasse
588 1971 792 2037 accepit,
821 1988 926 2022 cum
966 1972 1206 2036 singulari
1244 1987 1425 2037 pompa
1463 1975 1514 2020 et
1550 1970 1696 2020 hono-

199 2055 559 2106 rificentissimo
597 2056 862 2106 Procerum
895 2057 1118 2122 equitatu
1145 2056 1404 2107 confestim
1443 2056 1488 2104 ei
1527 2071 1693 2106 occur-

200 2139 276 2190 rit.
291 2139 628 2191 Praemiserat
653 2140 878 2207 Sponsae
904 2147 1189 2208 carpentum
1215 2148 1453 2203 auratum,
1469 2146 1518 2190 et
1531 2141 1693 2206 splen-

200 2225 452 2276 didissime
501 2226 724 2277 omnibus
760 2227 985 2292 partibus
1023 2242 1082 2276 ac
1120 2226 1335 2276 numeris
1379 2225 1689 2275 absolutissi-

198 2325 340 2373 mum,
367 2326 429 2361 ex
455 2325 550 2376 quo
578 2311 954 2362 descendentem
981 2312 1222 2377 virginem
1248 2310 1423 2361 hilaris
1451 2310 1690 2376 Princeps

195 2411 286 2461 pro
311 2395 565 2460 utriusque
591 2397 833 2461 dignitate
859 2397 1065 2463 excepit,
1094 2403 1143 2447 et
1179 2402 1438 2462 postquam
1477 2401 1689 2446 mutuam

196 2480 291 2530 sibi
317 2481 525 2531 salutem
550 2481 806 2543 dixissent,
834 2488 883 2532 et
908 2498 1161 2533 sermones
1189 2482 1428 2547 quosdam
1452 2482 1581 2531 ultro
1603 2482 1688 2531 cit-

195 2580 348 2630 roque
385 2564 698 2629 habuissent,
761 2567 939 2617 iunctis
991 2567 1266 2632 agminibus
1306 2565 1687 2617 Albam-Iuliam

196 2650 456 2700 advenere.
486 2650 545 2701 Id
570 2668 691 2702 vero
705 2657 842 2702 tanto
869 2668 974 2702 cum
1001 2653 1289 2718 populorum
1315 2652 1493 2717 plausu
1520 2655 1568 2698 et
1580 2649 1685 2699 tim-

193 2750 428 2800 panorum
465 2737 788 2802 tubarumque
827 2738 989 2787 sonitu
1026 2738 1207 2787 factum
1245 2741 1346 2797 est,
1398 2740 1449 2784 ut
1502 2734 1685 2798 aliquid

194 2833 346 2885 supra
391 2820 622 2871 usitatum
672 2823 862 2872 modum
913 2823 1337 2873 celebratissimae
1398 2819 1683 2869 festivitatis

193 2908 464 2968 spectatum
501 2905 656 2955 fuisse
695 2907 975 2958 credideris.
1018 2908 1287 2971 Postquam
1335 2904 1681 2954 ornatissimae

193 2992 240 3036 et
292 2988 718 3054 splendidissimae
771 2992 985 3055 equitum
1023 2998 1212 3042 turmae
1254 2990 1564 3055 peditumque
1605 3003 1680 3037 ca-
