2112 3288
587 226 652 258 DE
677 225 787 258 ΗΕΒ.
806 208 924 258 vm.
952 225 1124 260 Ducit.
1153 226 1198 259 L.
1228 227 1291 260 1v.
1517 211 1525 214 ”
1653 214 1718 263 81

219 348 305 394 aut
327 340 534 392 alterum
562 340 703 401 diem,
731 340 1038 390 obsidionem
1064 342 1406 404 toleraturam,
1436 358 1532 407 qua
1559 344 1723 407 capta,

220 440 556 492 quamcunque
585 425 704 474 belli
742 425 985 474 rationem
1018 426 1159 490 sequi
1197 424 1364 489 velint,
1405 426 1512 475 sive
1538 427 1590 475 in
1615 426 1725 477 loco

159 534 161 536 ·
218 523 434 567 manere,
462 509 570 558 sive
597 509 882 558 continuare
909 509 1181 571 victoriam,
1208 509 1372 558 omnia
1396 509 1447 557 in
1463 525 1631 560 eorum
1643 526 1729 575 po-

219 582 402 645 testate
427 593 608 655 futura,
637 594 774 642 solus
801 593 1093 643 Hardekius
1120 594 1217 643 sibi
1245 610 1414 644 curam
1440 593 1563 643 belli
1601 609 1729 644 com·

219 665 426 727 missam
449 693 694 741 asserere,
720 693 820 727 non
847 678 911 726 ad
936 679 1087 728 urbes
1116 678 1419 728 obsidendas
1458 694 1514 729 se
1539 679 1731 744 profec-

221 767 338 824 tum,
365 761 455 811 sed
480 762 545 811 ad
569 778 674 812 rem
697 762 820 811 foris
848 778 954 812 cum
980 763 1207 813 hostibus
1222 764 1506 826 gerendam,
1532 763 1598 812 ad
1621 778 1733 828 pro-

222 845 482 912 pellendos
510 861 597 895 eos
623 863 654 896 a
678 847 875 909 finibus,
904 847 967 896 ad
990 847 1297 913 provinciam
1324 848 1388 897 ab
1417 863 1583 897 eorum
1604 853 1735 897 metu

221 930 544 996 liberandam,
569 932 620 980 id
646 947 702 981 se
728 933 827 981 Dei
851 933 1092 983 beneficio
1108 939 1404 996 assecutum,
1418 933 1469 982 id
1481 933 1581 982 iam
1593 932 1738 998 pensi

222 1016 426 1081 habere,
464 1022 518 1066 ut
542 1017 812 1066 incolumes
840 1033 956 1068 suos
975 1018 1170 1067 domum
1195 1018 1414 1068 reducat.
1443 1019 1524 1068 Ita
1549 1018 1736 1068 frustra

202 1101 340 1152 ⁴aliis
365 1102 416 1150 in
443 1102 742 1152 contrarium
768 1103 1053 1159 nitentibus,
1094 1104 1238 1153 unius
1277 1103 1488 1154 hominis
1522 1104 1736 1169 pertina-

226 1187 318 1250 cia,
345 1191 395 1236 et
425 1186 701 1252 proditoria
739 1189 966 1250 amentia,
1019 1189 1206 1239 amissa
1256 1205 1317 1239 ea
1367 1189 1618 1252 gerendae
1667 1189 1741 1237 rei

228 1272 573 1337 opportunitas
599 1272 705 1335 fuit,
733 1288 833 1336 qua
861 1274 1057 1336 TurciS,
1086 1274 1169 1338 qui
1195 1274 1368 1323 Budae
1391 1280 1440 1323 et
1466 1273 1588 1324 alibi
1602 1289 1665 1323 ex
1680 1289 1740 1322 ea

228 1356 449 1407 Danubii
472 1362 616 1422 parte
642 1357 690 1406 in
716 1358 984 1422 praesidiis
1013 1364 1169 1423 erant,
1208 1359 1273 1407 ad
1309 1359 1532 1408 ultimam
1565 1358 1742 1408 virium

229 1441 629 1507 desperationem
677 1446 794 1506 post
832 1456 942 1491 eam
980 1448 1235 1508 acceptam
1278 1442 1471 1492 cladem
1509 1442 1747 1503 redactis,

230 1542 338 1576 cum
363 1526 478 1591 ipsa
502 1526 646 1590 regia
670 1527 808 1583 urbe,
835 1526 1013 1590 ingens
1054 1532 1299 1577 terrarum
1337 1532 1527 1578 tractus
1565 1542 1745 1592 pauco-

229 1628 336 1664 rum
363 1611 552 1661 dierum
579 1613 742 1677 spatio
770 1608 1058 1676 recuperari
1083 1612 1345 1677 potuisset.
1383 1613 1523 1676 Ergo
1551 1611 1748 1661 ductum

231 1695 507 1759 Hardekii,
545 1696 758 1746 infelicis
784 1697 1013 1759 hominis,
1069 1697 1239 1759 secuti,
1292 1695 1518 1747 collectis
1557 1695 1749 1762 spoliis,

233 1796 361 1847 quae
387 1781 699 1847 amplissima
725 1797 787 1831 ex
815 1781 1026 1830 devietis
1054 1786 1129 1831 tot
1153 1781 1384 1831 hostibus
1413 1778 1640 1847 (quorum
1666 1795 1749 1828 nu-

235 1861 421 1916 merum
446 1866 626 1931 viginti
653 1866 868 1931 quinque
894 1866 1100 1916 millium
1128 1871 1430 1916 armatorum
1456 1866 1615 1916 fuisse
1640 1879 1750 1930 per-

233 1947 451 2016 hibetur)
477 1951 688 2023 fuerunt,
715 1951 998 2011 frementes,
1026 1956 1076 2000 et
1101 1950 1477 2014 indignabundi,
1507 1949 1639 2015 quod
1652 1954 1753 1998 tam

236 2033 572 2099 pulcherrima
599 2036 878 2098 occasione,
907 2036 1045 2086 ducis
1070 2036 1190 2086 vitio
1228 2037 1300 2085 uti
1337 2051 1436 2085 non
1460 2035 1755 2106 potuissent,

240 2121 304 2170 ad
330 2136 422 2171 sua
448 2122 629 2187 quique
655 2127 982 2172 revertuntur.
1037 2121 1198 2171 Huius
1252 2127 1415 2171 autem
1465 2121 1541 2170 rei
1578 2125 1754 2183 gestae

176 2189 197 2210 ³
238 2207 374 2256 fama
399 2206 524 2256 adeo
551 2205 654 2257 late
679 2223 769 2278 pler
798 2223 968 2257 omnes
994 2207 1186 2256 vicinas
1213 2207 1445 2269 regiones
1469 2206 1563 2255 fuit
1589 2204 1758 2254 statim

243 2290 435 2355 diffusa,
462 2296 517 2341 ut
542 2308 641 2342 non
667 2292 718 2341 id
743 2298 946 2355 tantum,
976 2293 1106 2357 quod
1133 2296 1328 2355 gestum
1367 2296 1458 2353 est,
1499 2290 1590 2340 sed
1614 2289 1760 2355 plura

242 2384 452 2442 semper,
479 2376 551 2426 uti
575 2378 645 2439 fit,
675 2378 910 2442 affigente
936 2377 1076 2441 vulgi
1105 2392 1347 2438 sermone,
1374 2377 1471 2426 iam
1499 2381 1549 2426 et
1561 2375 1760 2446 Albam,

244 2466 294 2510 et
329 2461 683 2527 Vesprimium,
724 2462 1054 2527 Palotamque
1080 2467 1314 2527 receptas
1341 2476 1470 2522 esse,
1511 2458 1762 2509 constanti

245 2545 427 2610 ubique
452 2543 649 2597 rumore
676 2542 1014 2612 spargeretur,
1040 2563 1198 2612 usque
1225 2536 1367 2610 ade0,
1394 2550 1448 2595 ut
1475 2544 1574 2610 ipsi
1614 2543 1761 2592 etiam

246 2629 513 2694 Rudolpho
541 2629 752 2681 Caesari
777 2649 808 2681 a
832 2632 1090 2698 plerisque
1117 2630 1517 2696 persuaderetur,
1544 2628 1687 2691 isque
1715 2630 1764 2674 et

250 2708 315 2763 ad
341 2713 633 2764 Pontificem
666 2717 953 2780 Maximum,
996 2722 1045 2766 et
1071 2717 1135 2766 ad
1172 2715 1534 2780 Hispaniarum
1573 2712 1765 2774 Regem

250 2797 560 2861 avunculum,
586 2800 707 2849 laeti
732 2799 793 2850 de
818 2800 882 2849 iis
908 2801 1059 2850 rebus
1086 2799 1252 2849 nuncii
1278 2800 1452 2848 literas
1492 2793 1765 2859 scripserit.

252 2881 362 2943 Qua
390 2882 450 2931 de
478 2898 631 2932 causa
667 2889 845 2948 postea
882 2885 1040 2935 iratus
1080 2884 1358 2942 Hal-dekio,
1411 2897 1519 2931 cum
1559 2878 1768 2929 aliorum

252 2967 415 3023 etiam,
444 2967 528 3031 qui
554 2967 599 3016 ei
627 2967 759 3018 bello
782 2969 1124 3031 interfuerant,
1157 2967 1391 3032 querelae
1419 2962 1770 3027 accessissent,

252 3066 348 3101 uno
378 3052 590 3101 omnium
617 3067 703 3102 ore
729 3053 1093 3114 affirmantium,
1120 3051 1452 3117 ipsius'culpa
1494 3064 1667 3098 vanos
1684 3063 1772 3098 eos

312 3156 466 3184 uonvM.
482 3156 595 3184 nvnc
620 3157 724 3183 ms'r.
741 3171 774 3175 -
787 3157 1040 3185 semproniae.
1056 3158 1149 3185 xva,
1572 3144 1598 3185 6
