2112 3288
502 167 567 200 DE
591 166 700 199 Res.
725 164 836 199 VNG.
862 164 972 198 nnc,
988 165 1035 198 X.
1063 165 1107 196 L.
1137 165 1259 198 νηι-
1513 201 1520 204 ,
1567 151 1668 201 183

169 285 566 335 circumvenerat.
628 281 756 329 Erat
806 278 1129 330 Varsoczium
1169 278 1353 342 duplici
1390 280 1543 340 fossa,
1582 281 1684 328 tri->

167 370 357 432 busque
380 363 654 430 parietibus
679 361 966 411 incrustatis
994 366 1043 409 et
1069 361 1273 410 sudibus
1313 361 1664 425 stipitibusque

169 452 222 501 in
259 447 505 499 exteriore
542 444 792 511 pomoerio
818 444 932 493 hinc
968 443 1081 492 inde
1118 449 1458 493 transversum
1495 444 1671 493 defixis

171 532 376 597 egregie
402 530 650 581 munitum.
688 528 905 578 Proinde
931 542 1040 576 cum
1076 527 1324 576 deditione
1362 542 1460 576 non
1497 527 1670 590 impet-

165 621 292 678 rata,
328 614 586 665 tormentis
623 613 819 663 bellicis
850 613 1039 661 frustra
1074 611 1294 675 parietes
1331 610 1501 674 impeti
1537 610 1670 658 vide-

171 705 365 751 rentur:
382 697 635 762 congestis
650 697 909 747 confestim
925 696 1174 746 aridorum
1188 695 1435 758 lignorum
1449 709 1666 744 sarmen-

169 790 428 848 torumque
453 782 723 842 fasciculis,
761 785 812 830 et
850 796 956 829 cum
995 779 1344 843 fumigationes
1382 776 1666 828 eiaculatio-

164 878 279 918 num
303 871 621 932 prospectum
644 864 860 914 hostium
885 863 1194 927 impedirent,
1220 862 1373 911 muris
1398 861 1525 926 ipsis
1559 877 1669 926 pro-

164 951 278 1017 pius
314 948 526 1000 admotis
562 947 839 997 incendium
879 946 1089 996 castello
1129 946 1359 994 inferunt.
1399 945 1460 994 Id
1499 944 1669 994 statim

164 1034 381 1085 secundo
406 1037 556 1083 vento
584 1031 664 1081 dei
688 1031 1002 1096 providentia
1037 1030 1292 1095 aspirante
1332 1028 1562 1078 celeriter
1601 1027 1668 1076 di-

160 1118 340 1179 latum,
402 1117 475 1166 ita
553 1130 721 1165 omnes
783 1114 1003 1179 parietes
1078 1127 1455 1178 quaquaversus
1519 1111 1670 1160 corri-

159 1202 278 1268 puit,
313 1206 370 1251 ut
405 1215 596 1250 omnem
633 1199 860 1249 hostibus
899 1198 1082 1247 exitum
1118 1196 1442 1261 praeriperet.
1483 1195 1673 1245 Fuerat

161 1285 552 1351 pseudothyrum
578 1300 641 1333 ex
667 1284 841 1333 cloaca
868 1282 1080 1346 quadam
1120 1282 1447 1330 subterranea
1483 1280 1534 1328 in
1567 1293 1667 1326 mu-

159 1384 246 1418 ros
279 1369 479 1418 factum.
517 1368 596 1417 Eo
623 1371 812 1432 aperte,
850 1365 1179 1414 excrementis
1218 1364 1439 1428 cooperti
1476 1361 1672 1411 circiter

162 1452 370 1511 ducenti,
396 1467 519 1516 prae
544 1450 852 1515 impatientia
875 1449 1091 1498 incendii
1121 1448 1260 1497 foras
1300 1462 1355 1496 se
1402 1446 1668 1506 eiicientes,

161 1537 226 1584 ab
254 1534 638 1584 observantibus
672 1533 776 1581 illic
814 1531 1064 1596 peditibus
1110 1529 1402 1594 singillatim
1437 1526 1671 1576 trucidati

161 1618 317 1667 fuere.
379 1616 580 1679 Reliqui
634 1629 803 1664 omnes
841 1614 922 1662 vel
960 1613 1185 1661 incendio
1224 1611 1487 1675 absumpti,
1526 1610 1609 1658 vel
1639 1625 1671 1657 a

161 1699 396 1749 militibus
456 1699 584 1749 inter
633 1698 858 1746 flammas
896 1696 1239 1761 parietumque
1288 1694 1448 1743 minas
1498 1693 1670 1741 irrum-

159 1783 392 1848 pentibus
466 1781 574 1831 sine
655 1781 755 1829 ullo
830 1794 1037 1843 prorsus
1106 1793 1257 1828 sexus
1333 1782 1418 1826 aut
1489 1774 1669 1824 aetatis

161 1865 440 1916 discrimine
488 1864 720 1915 trucidati
781 1864 934 1912 fuere.
1000 1862 1119 1927 Ipse
1182 1862 1300 1911 Deli
1350 1860 1563 1910 Kurtius
1592 1874 1672 1907 ca-

160 1950 291 2000 stelli
314 1944 601 2014 praefectus
635 1963 698 1997 ex
747 1947 898 1996 muris
948 1945 1172 1994 miranda
1211 1943 1440 2007 agilitate
1492 1957 1668 2006 praea-

160 2037 300 2084 cutos
348 2031 466 2082 illos
516 2030 666 2080 sudes
716 2045 825 2078 cum
875 2027 1238 2086 transiluisset,
1289 2031 1339 2075 et
1389 2026 1453 2075 ad
1501 2025 1671 2073 vineta

161 2129 308 2165 cursu
333 2113 597 2173 evasisset,
622 2112 807 2160 ibidem
833 2126 864 2158 a
889 2109 1077 2159 nostris
1104 2109 1394 2157 interfectus
1421 2113 1511 2156 est.
1539 2107 1672 2155 Reli-

162 2198 246 2262 qui
270 2197 376 2247 eius
403 2197 680 2260 exemplum
705 2194 892 2243 infelici
920 2197 1101 2242 eventu
1139 2192 1370 2249 secuturi,
1410 2192 1491 2239 vel
1529 2191 1671 2254 stipi-

160 2282 308 2342 tibus„
334 2278 647 2342 stimulisque
673 2278 787 2327 hinc
811 2277 925 2326 inde
953 2276 1129 2325 defixis
1163 2275 1466 2335 insiliebant,
1494 2274 1670 2337 seipsi-

158 2379 252 2428 que
291 2363 607 2427 inopinantes
645 2361 940 2422 induebant,
993 2361 1073 2408 vel
1110 2360 1161 2407 in
1213 2358 1419 2407 scrobes
1477 2356 1673 2420 delapsi

163 2446 576 2504 transfodiebant,
604 2449 689 2493 aut
714 2460 745 2492 a
770 2443 957 2493 nostris
997 2442 1319 2491 circumventi
1355 2440 1671 2489 trucidaban-

161 2535 254 2579 tur.
294 2529 427 2577 Tres
465 2528 705 2577 duntaxat
742 2528 844 2575 vivi
870 2527 1017 2590 capti,
1047 2530 1096 2574 et
1133 2524 1198 2573 ad
1226 2522 1500 2586 Georgium
1527 2522 1671 2581 ducti,

108 2659 112 2662 ,
160 2612 554 2675 inspectantibus
581 2611 818 2660 dedititiis
844 2609 1256 2667 Bokcziensibus‚
1284 2607 1390 2655 sine
1416 2606 1519 2654 ulla
1545 2619 1670 2652 com-

162 2693 480 2743 miseratione
517 2695 569 2743 in
604 2699 846 2743 terrorem
884 2694 1186 2757 reliquorum
1236 2688 1468 2739 trucidati
1515 2688 1669 2736 fuere.

162 2777 500 2826 Bokczienses
527 2778 598 2826 uti
625 2777 801 2826 dictum
819 2782 910 2836 est,
926 2776 1132 2836 dimissi,
1151 2780 1200 2824 et
1214 2774 1277 2822 ad
1291 2769 1672 2821 Tomosvarien-

170 2874 275 2908 sem
300 2859 523 2922 profecti.
553 2859 650 2908 His
675 2859 856 2908 irritati
881 2858 1107 2917 Barbari,
1137 2856 1441 2920 quiLippae,
1458 2850 1671 2915 Gyuiae,

170 2938 392 2989 Csanadi
419 2946 468 2989 et
493 2941 630 2989 Ienei
669 2946 824 3001 erant,
858 2945 907 2989 et
947 2940 1094 2989 simul
1131 2940 1265 2987 fama
1303 2935 1580 2998 nuptiarum
1609 2933 1673 2981 ad
