2112 3288
591 178 670 212 1111.
697 177 805 212 REB.
835 177 946 211 VNG.
973 176 1082 210 msc.
1110 177 1155 210 x.
1184 178 1228 211 L.
1258 178 1324 211 111.
1529 188 1534 191 »
1637 167 1724 219 45,

206 301 255 346 61
279 295 424 346 motis
448 298 562 360 post
588 293 786 342 biduum
826 292 1021 353 castris,
1050 292 1225 356 plenus
1248 294 1345 342 iam
1371 295 1488 343 boni
1514 285 1704 359 ominis,

204 381 387 430 nullam
412 377 509 428 sibi
532 377 779 441 tantisper
805 376 1015 440 quietem
1043 377 1313 437 concessit,
1342 377 1497 427 donec
1521 380 1702 429 famam

204 463 445 514 adventus
459 461 536 511 sui
550 460 810 510 celeritate
835 460 1178 524 praeveniens,
1194 460 1258 509 ad
1273 460 1547 512 condictum
1563 463 1704 525 diem,

204 546 288 612 qui
323 550 529 611 quartus
557 543 864 609 Septembris
903 542 1020 604 fuit,
1061 544 1364 608 Belgradum
1404 546 1702 610 perveniret.

200 629 278 680 Eo
302 629 481 679 iterum
506 627 835 678 aBellerbeio
864 626 960 676 duo
989 626 1220 677 cucullati
1247 628 1552 691 sacerdoteS‚
1580 644 1704 694 quos

200 712 466 763 monachos
487 726 734 771 vocamus,
762 707 908 759 Siscii
935 710 1081 775 capti,
1108 711 1247 760 missi
1273 710 1337 759 ad
1362 727 1471 761 eum
1495 712 1706 774 fuerunt,

179 802 252 846 -et
277 792 372 847 duo
408 797 525 847 item
564 793 802 845 Germani
841 810 871 843 a
904 794 1067 843 Bassa
1094 794 1341 857 Budensi,
1382 811 1505 859 quos
1537 796 1707 846 Archi-

202 880 300 930 dux
339 879 580 930 Matthias
607 893 716 928 cum
740 878 902 927 literis
935 878 998 927 ad
1025 893 1134 927 eum
1160 878 1377 940 miserat,
1404 885 1458 929 ut
1471 879 1532 929 de
1557 880 1706 930 ratio-

199 965 345 1030 nibus
372 962 702 1015 constituendi
728 976 901 1011 rursus
927 962 1146 1012 foederis
1185 978 1248 1012 ex
1287 978 1446 1027 aequo
1479 965 1705 1029 bonoque

199 1064 307 1099 cum
333 1063 392 1098 eo
419 1053 606 1112 ageret.

341 1131 452 1182 Hos
489 1132 732 1197 principio
770 1132 969 1182 blandis
997 1132 1167 1182 verbis
1192 1131 1456 1192 allocutus,
1495 1136 1548 1181 ut
1575 1133 1705 1182 scire

201 1217 265 1268 ab
293 1217 366 1267 eis
380 1216 696 1277 commodius,
721 1232 847 1280 quae
862 1216 1028 1277 vellet,
1048 1221 1234 1280 posset,
1249 1221 1510 1280 postquam
1532 1221 1704 1280 aperte

199 1301 457 1352 confessos
484 1301 694 1361 audivit,
733 1300 1036 1365 inopinatum
1073 1301 1336 1349 adventum
1364 1315 1502 1349 suum
1527 1300 1576 1347 in
1604 1298 1705 1349 Vn—

199 1386 344 1449 garia
369 1386 492 1443 fore,
519 1385 693 1435 deduci
720 1385 785 1434 ad
811 1385 1053 1448 Legatum
1080 1384 1320 1448 priorem,
1361 1399 1504 1447 quem
1530 1383 1627 1432 iam
1654 1383 1704 1431 in

199 1484 365 1518 arcem
407 1469 634 1527 miserat,
674 1469 943 1532 eodemque
983 1483 1091 1517 cum
1120 1483 1195 1538 ,6ο
1223 1483 1423 1516 6616616
1462 1482 1546 1516 eos
1590 1482 1704 1531 quo.-

198 1568 292 1615 que
319 1552 462 1603 condi
486 1551 645 1602 iussit.

618 1740 851 1793 OAPVT
892 1741 1270 1818 sEPTJMvM.

392 1849 526 1913 Quid
552 1850 775 1902 Siccanas
802 1852 1049 1918 Belyrado
1078 1853 1316 1917 cliyressus
1341 1853 1502 1916 eyerit.

337 1960 609 2026 Postquam
636 1962 788 2027 igitur
822 1962 1123 2026 Belgradum
1152 1961 1366 2026 appulit,
1407 1973 1701 2026 quamquam

195 2059 257 2093 ea
282 2041 495 2095 Caesari
509 2046 754 2095 sententia
781 2051 928 2095 antea
946 2047 1139 2107 fuisset,
1166 2050 1220 2093 ut
1245 2045 1354 2110 ipse
1380 2043 1563 2093 ibidem
1589 2044 1701 2092 sub·
1722 2062 1730 2067 ·

195 2127 406 2189 sistens,
445 2129 611 2194 siquid
635 2130 881 2192 agendum
906 2145 998 2194 per
1022 2130 1117 2179 hoc
1156 2128 1273 2179 anni
1297 2133 1491 2192 tempus
1529 2131 1702 2176 contra

194 2211 367 2261 hostes
391 2212 662 2275 iudicaret,
688 2214 748 2263 <id
771 2231 862 2280 per
886 2215 1169 2279 praefectos
1197 2214 1448 2278 copiarum
1476 2210 1701 2260 effectum

196 2294 454 2359 redderet,
483 2312 538 2347 se
563 2298 724 2363 ipsum
750 2298 801 2346 in
826 2298 1099 2363 proximum
1137 2312 1315 2346 6111111111
1340 2295 1404 2345 6(1
1429 2295 1699 2359 gerendum

196 2379 398 2429 summis
423 2380 614 2430 viribus
639 2381 823 2431 bellum
865 2386 1168 2441 reservaret,
1197 2386 1362 2429 tamen
1389 2394 1497 2428 cum
1522 2378 1699 2427 literae

194 2459 431 2513 Caesaris
457 2466 756 2527 subsecutae
782 2470 971 2515 mutare
1004 2480 1115 2514 eum
1141 2463 1397 2512 consilium
1422 2462 1699 2516 iussissent,

195 2550 245 2595 et
268 2549 323 2593 ut
360 2549 620 2600 occasione
653 2565 772 2600 usus
817 2550 1090 2614 imparatos
1127 2548 1300 2597 hostes
1346 2546 1699 2611 quamprimum

197 2634 574 2700 aggrederetur,
600 2635 957 2699 imperassent,
995 2633 1047 2682 id
1072 2649 1130 2683 eo
1163 2633 1384 2697 cupidius
1410 2633 1577 2681 facere
1603 2634 1699 2678 sta-

195 2719 300 2778 tuit,
332 2719 463 2783 quod
478 2718 619 2783 ‘apud
643 2718 829 2780 hostes,
849 2724 1099 2782 tamquam
1125 2718 1175 2784 in
1202 2717 1447 2767 altissima
1472 2729 1609 2779 pace,
1624 2728 1699 2761 16-

193 2803 347 2852 missa
384 2801 548 2863 omnia
583 2802 704 2852 belli
742 2802 906 2852 studia
943 2801 1259 2865 intelligeret.
1301 2802 1380 2849 Ita
1406 2797 1607 2861 scriptis
1634 2795 1699 2844 ad

193 2885 558 2948 Beglerbegum
586 2885 771 2946 literis,
810 2874 863 2934 ut
889 2880 951 2933 ad
979 2900 1033 2933 se
1061 2899 1265 2943 omnem,
1304 2897 1446 2944 quem
1473 2880 1695 2939 haberet,

194 2969 462 3018 exercitum
490 2968 732 3018 adducere
759 2974 1051 3029 maturaret,
1088 2969 1268 3017 bellum
1296 2982 1392 3014 una
1420 2979 1582 3013 secum
1611 2964 1694 3011 im-
