2112 3288
422 173 523 215 LVI
946 185 1075 217 neom
1097 173 1235 217 ,nixos
1259 173 1403 216 11:1,ETE

424 295 696 361 despiciant
721 296 831 360 ipsi,
859 296 947 345 sed
973 296 1119 345 etiam
1146 296 1351 346 aliorum
1378 312 1575 363 operam
1602 313 1659 346 ac
1685 297 1912 347 industri-

425 396 501 429 am
528 380 577 428 in
603 380 696 429 hoc
723 380 988 430 studiorum
1016 396 1198 444 genere
1226 382 1434 447 positam
1467 382 1584 432 vitio
1612 387 1804 432 vertere
1819 397 1916 431 non

427 470 701 514 vereantur.
728 466 835 514 Nee
861 471 936 515 est
963 465 1091 530 quod
1116 466 1232 515 mihi
1259 467 1366 530 quis
1390 467 1600 527 obiiciat,
1630 468 1753 517 haec
1779 482 1919 517 enco-

424 551 521 599 mia
546 550 596 599 in
620 550 825 614 imperio
863 550 1083 600 Romano
1124 552 1183 601 de
1221 551 1415 614 legibus
1449 551 1779 617 imperatoriis
1806 569 1917 603 con-

430 634 650 683 cedenda
676 649 816 683 esse:
843 634 891 682 in
930 633 1156 698 Vngaria
1198 639 1246 684 et
1285 634 1667 700 Transylvania,
1719 636 1802 685 ubi
1837 638 1914 686 ius

426 718 567 767 civile
593 732 687 767 non
713 718 1016 780 observetur,
1067 718 1254 768 nullum
1295 720 1487 783 penitus
1528 718 1685 769 locum
1711 719 1909 770 habere.

427 802 663 863 Quamvis
691 803 818 851 enim
844 804 994 852 multa
1033 803 1133 852 sint
1157 803 1208 851 in
1233 803 1337 852 iure
1365 802 1602 864 Romano,
1632 819 1757 867 quae
1783 803 1914 868 apud

426 901 516 936 nos
555 885 737 936 nullum
774 901 912 936 usum
951 887 1198 936 habeant:
1233 893 1396 936 tamen
1433 888 1627 937 dubium
1675 904 1772 938 non
1820 892 1911 947 est,

428 970 541 1034 quin
568 969 797 1033 quicquid
821 969 1068 1029 bonarum,
1089 975 1348 1031 rectarum,
1377 970 1726 1020 salutariumve
1750 972 1913 1035 legum

428 1054 643 1103 Decreta
671 1052 925 1116 Vngarica
951 1051 1144 1114 habent,
1184 1053 1232 1102 id
1273 1069 1412 1103 omne
1438 1070 1499 1103 ex
1538 1057 1644 1104 iure
1692 1055 1913 1106 Romano

427 1141 780 1201 transumptum
820 1136 897 1185 sit.
951 1137 1054 1184 Imo
1093 1137 1319 1202 quicquid
1356 1154 1621 1188 naevorum
1659 1155 1718 1189 ac
1757 1141 1915 1191 defec-

427 1227 558 1270 tuum
583 1221 721 1286 leges
747 1225 947 1269 nostrae
973 1220 1236 1278 continent,
1272 1221 1447 1284 quibus
1472 1223 1601 1272 iusto
1628 1223 1740 1287 plus
1766 1225 1915 1274 abun-

429 1306 557 1364 dant,
585 1304 635 1352 id
661 1308 793 1353 certe
818 1303 1012 1352 nonnisi
1038 1319 1099 1352 ex
1125 1304 1204 1353 his
1235 1305 1359 1369 ipsis
1387 1305 1597 1355 Romani
1625 1307 1746 1356 iuris
1774 1309 1916 1357 fonti-

427 1392 520 1439 bus
558 1387 751 1451 corrigi,
778 1387 1093 1452 supplerique
1129 1393 1306 1452 potest.
1360 1389 1454 1438 Est
1499 1389 1625 1438 enim
1661 1390 1736 1440 ius
1775 1391 1919 1441 civile

429 1473 571 1538 quasi
594 1487 774 1536 parens
801 1476 850 1520 et
890 1470 1119 1521 Oceanus
1146 1470 1356 1522 omnium
1383 1473 1742 1538 municipalium
1769 1481 1920 1526 statu-

428 1563 598 1618 torum,
627 1572 752 1620 quae
778 1570 871 1619 quo
898 1556 1099 1619 propius
1125 1555 1188 1603 ad
1214 1557 1510 1620 aequitatem
1536 1557 1642 1606 eius
1670 1560 1917 1619 accedunt,

431 1657 487 1691 eo
513 1641 726 1690 rectiora
775 1644 906 1688 certe
934 1644 983 1687 et
1008 1640 1305 1703 perfectiora
1353 1641 1488 1689 fiunt.
1543 1639 1610 1689 At
1642 1642 1772 1692 dicat
1808 1644 1917 1708 quis

429 1725 821 1776 reformationem
847 1723 1158 1773 nihilominus
1192 1723 1394 1772 Decreti
1421 1724 1662 1787 Vngarici
1687 1729 1758 1776 tot
1784 1741 1918 1776 secu-

428 1811 581 1860 lorum
609 1823 850 1858 consensu
877 1807 1148 1857 confirmati
1187 1808 1370 1856 frustra
1406 1809 1586 1857 tentari
1625 1809 1688 1859 ab
1715 1809 1920 1860 homine

430 1895 635 1960 privat0,
663 1898 712 1942 et
738 1908 796 1942 eo
823 1892 1034 1956 quidem,
1063 1891 1143 1955 qui
1169 1907 1411 1955 nunquam
1436 1892 1485 1940 in
1500 1893 1609 1942 foro
1636 1892 1922 1943 iudiciorum

430 1984 656 2029 versatus
707 1978 785 2026 sit.
832 1977 1071 2040 Equidem
1122 1976 1280 2026 fateor
1329 1981 1513 2025 tantum
1551 1977 1601 2026 in
1651 1977 1924 2043 Republica

431 2062 814 2114 contendendum
852 2060 1034 2110 homini
1070 2060 1272 2109 cordato
1299 2075 1425 2120 esse,
1466 2065 1693 2123 quantum
1732 2061 1922 2111 ratione

432 2146 633 2213 probari
695 2145 1080 2210 persuaderique
1142 2144 1332 2193 civibus
1370 2144 1554 2210 possit,
1615 2144 1711 2193 vim
1765 2159 1931 2208 neque·

432 2231 636 2296 patriae,
663 2244 821 2293 neque
845 2228 1052 2292 parenti,
1078 2231 1131 2276 ut
1157 2226 1301 2276 Plato
1330 2228 1553 2289 consulit,
1581 2230 1758 2277 afferre
1783 2243 1922 2293 opor-

434 2320 552 2364 tere.
592 2313 806 2363 Proinde
845 2312 1024 2375 siquis
1050 2312 1268 2375 privatus
1308 2316 1357 2360 et
1395 2313 1632 2361 obscurus
1669 2312 1921 2361 homuncio

434 2415 494 2449 ex
519 2399 691 2447 umbra
716 2396 935 2446 literaria
960 2411 1258 2460 progressus
1283 2396 1351 2444 ita
1370 2395 1760 2445 reformationem
1775 2395 1923 2458 patrii

435 2482 554 2532 iuris
580 2481 870 2541 institueret,
899 2485 950 2528 ut
975 2495 1129 2529 novas
1144 2480 1284 2542 leges
1311 2479 1536 2537 condere,
1564 2493 1747 2542 easque
1772 2479 1924 2529 invito

445 2565 625 2631 populo
653 2560 988 2614 observandas
1015 2563 1264 2627 imponere
1290 2565 1577 2611 conaretur:
1607 2578 1667 2611 an
1692 2562 1773 2611 hic

723 2655 921 2699 Spectatum
936 2655 1078 2688 admissi
1099 2657 1206 2688 risum
1224 2656 1372 2689 teneatis
1391 2656 1495 2687 amici
1510 2657 1524 2687 ?

437 2735 623 2786 Verum
638 2733 881 2782 enimvero
899 2731 941 2780 si
956 2732 1064 2795 quis
1092 2746 1147 2780 eo
1164 2746 1252 2781 sua
1267 2731 1429 2780 studia
1443 2731 1636 2794 dirigat,
1662 2737 1714 2781 ut
1727 2733 1928 2782 meliora

437 2817 684 2884 prioribus
710 2831 796 2865 seu
833 2814 1051 2876 consilia,
1090 2830 1176 2864 seu
1214 2815 1436 2865 instituta
1474 2815 1616 2864 iustis
1653 2816 1926 2866 rationibus

442 2901 628 2953 volenti
645 2900 835 2965 patriae
860 2899 1051 2964 privato
1067 2899 1225 2949 studio
1239 2900 1540 2964 persuadere
1566 2904 1791 2950 conetur:
1820 2915 1927 2950 eum

439 3001 531 3052 ego
574 3000 669 3035 non
706 2983 1101 3051 reprehensione,
1141 2983 1226 3033 sed
1266 2983 1492 3033 laudibus
1532 2999 1590 3034 ac
1614 2983 1831 3049 praemio
1859 2983 1925 3032 di-
