2112 3288
575 206 640 239 DE
665 205 773 239 REB.
800 204 911 238 vm.
937 204 1048 238 nnc.
1075 205 1122 240 x.
1149 206 1194 239 L.
1224 207 1273 241 11.
1498 185 1505 188 ‘
1634 195 1703 248 33

201 329 310 390 est,
347 329 401 374 ut
434 337 585 373 ausus
622 321 772 371 fuerit
809 321 875 370 ad
914 320 1251 386 Principatum
1302 322 1704 390 Transylvaniae

201 408 441 474 aspirare,
467 412 715 470 tamquam
730 406 781 454 in
795 405 1021 455 auctione
1048 405 1229 469 aliqua,
1258 421 1312 455 se
1335 408 1498 457 omnia
1524 410 1707 472 oblata,

200 492 440 541 immensa
464 490 515 539 vi
530 490 655 551 auri,
674 504 886 554 sperans
901 494 1275 539 consecuturum
1304 505 1430 540 esse.
1458 489 1598 550 Quae
1625 509 1708 543 res

202 590 261 625 eo
285 578 494 636 tantum,
515 573 567 622 in
592 579 731 623 tanta
758 574 892 623 illius
914 573 1059 623 aulae
1076 575 1371 639 corruptela,
1387 574 1522 624 exitu
1537 578 1708 639 caruit,

203 659 333 724 quod
356 658 492 709 illius
517 659 805 724 provinciae
833 662 1019 708 statum
1051 674 1150 707 non
1192 663 1295 708 tam
1320 659 1468 708 facile
1493 660 1711 710 Barbari

204 748 394 804 mutare
419 747 652 808 possent,
692 758 836 808 quam
862 743 1076 805 vellent,
1104 748 1154 792 et
1180 743 1264 807 qui
1288 743 1339 792 id
1365 750 1614 809 cuperent,
1642 747 1712 794 ni-

203 827 275 877 hil
301 827 567 889 adferrent,
583 827 713 892 quod
728 827 793 877 ad
816 827 868 876 id
882 827 1157 878 conducere
1182 827 1446 889 videretur,
1472 835 1526 879 ut
1551 831 1711 879 Tran-

205 911 436 978 sylvania
460 924 559 960 non
585 911 735 960 armis
761 910 1092 970 labefactata,
1133 910 1224 959 sed
1248 911 1471 975 integra,
1511 919 1709 978 pacata-

205 1010 316 1060 que,
342 1010 433 1045 ceu
457 1010 609 1044 aureo
636 995 802 1059 aliquo
831 995 988 1056 ma10,
1022 998 1077 1043 ut
1101 994 1226 1059 ipsis
1252 994 1303 1043 in
1328 997 1594 1059 proverbio
1622 1003 1712 1059 est,

205 1078 494 1145 potirentur.
536 1076 660 1128 Gum
699 1077 1032 1143 aliquamdiU,
1077 1083 1130 1127 ut
1158 1078 1407 1143 promissa
1445 1080 1714 1143 exolveret,

205 1178 297 1229 per
321 1162 599 1213 submissas
639 1168 832 1212 secreto
871 1162 936 1211 ad
962 1177 1131 1212 omnes
1159 1159 1562 1233 Transylvaniae
1588 1165 1715 1214 ordi-

207 1263 298 1298 nes
323 1248 532 1308 litteras,
560 1247 964 1303 adminiculatore
990 1247 1085 1295 hoc
1109 1247 1218 1311 ipse
1244 1247 1543 1310 Mahumete,
1568 1249 1619 1297 id
1645 1249 1714 1298 in-

210 1346 406 1381 cassum
442 1336 789 1396 procurasset,
827 1336 881 1380 ut
920 1330 966 1380 ei
992 1330 1162 1394 aliqua
1202 1331 1396 1381 occasio
1436 1347 1517 1382 res
1558 1347 1716 1382 novas

210 1415 443 1465 moliendi
467 1417 803 1482 praeberetur,
829 1415 1028 1464 tandem
1054 1413 1229 1463 videns
1256 1429 1310 1464 se
1326 1431 1483 1479 aeque
1510 1417 1574 1465 ab
1601 1417 1716 1478 illis,

212 1515 336 1565 quos
362 1516 424 1550 ea
450 1500 511 1550 de
550 1515 606 1549 se
632 1515 838 1565 sperare
879 1499 1142 1560 iussisset,
1183 1504 1333 1563 atque
1372 1500 1434 1549 ab
1462 1500 1559 1562 eis,
1601 1517 1716 1565 quo-

211 1601 318 1635 rum
344 1586 472 1635 malo
498 1583 766 1646 inhiasset,
795 1584 1009 1648 despici,
1037 1583 1222 1632 sensim
1247 1583 1546 1648 vilescente,
1587 1585 1719 1650 apud

213 1685 300 1720 eos
327 1670 475 1719 etiam
515 1668 693 1733 quibus
731 1673 880 1718 antea
916 1668 1232 1717 familiariter
1257 1683 1376 1717 usus
1416 1674 1549 1730 erat,
1589 1669 1720 1733 quod

212 1754 286 1803 eis
313 1752 504 1803 alendis
531 1757 754 1818 sumptus
780 1752 880 1801 iam
905 1768 1003 1801 non
1021 1756 1360 1816 suppeterent,
1390 1752 1496 1801 eius
1510 1753 1726 1813 nomine,

211 1854 310 1889 non
337 1850 488 1886 ausus
513 1835 616 1886 illis
641 1836 902 1898 reluctari,
938 1836 1045 1899 qui,
1087 1835 1219 1899 quod
1244 1835 1387 1884 vanis
1412 1837 1723 1900 pollicitatio-

212 1922 358 1973 nibus
385 1919 596 1971 Caesari
627 1920 894 1983 illusisset,
935 1936 1074 1986 spem
1099 1921 1151 1978 in
1178 1935 1235 1969 eo
1262 1925 1451 1969 tantum
1474 1921 1650 1970 veniae
1677 1922 1724 1971 ei

213 2006 484 2072 repositam
511 2004 745 2065 dicerent,
773 2004 815 2053 si
841 2003 987 2054 fidem
1014 2004 1303 2066 abnegaret,
1331 2003 1395 2053 ad
1410 2019 1496 2053 eos
1522 2004 1723 2054 tandem

216 2089 440 2140 descivit.
466 2090 526 2139 In
553 2089 690 2138 cuius
717 2089 791 2138 rei
803 2089 1088 2153 praemium,
1118 2094 1167 2138 et
1194 2088 1323 2152 quod
1337 2088 1601 2138 fovendam
1628 2089 1725 2138 sibi

217 2173 457 2224 eiusmodi
493 2174 741 2226 hominum
767 2174 1025 2238 perfidiam
1051 2179 1296 2239 putarent,
1325 2171 1724 2239 Coppaniensem

218 2259 427 2324 primum
451 2259 503 2309 in
528 2252 757 2328 Vngaria
782 2259 1159 2309 Praefecturam
1185 2259 1419 2320 obtinuit,
1446 2263 1624 2323 postea
1649 2260 1721 2308 Ie-

217 2342 494 2405 neiensem,
521 2343 826 2394 Varadinum
854 2358 1056 2401 versus,
1086 2347 1135 2393 et
1162 2343 1424 2393 Licensem
1450 2342 1649 2392 tandem
1675 2343 1726 2392 in

203 2424 450 2490 Oroatia,
476 2428 562 2478 ubi
586 2429 649 2479 ob
677 2427 912 2478 amissum
938 2427 1206 2478 exercitum
1233 2429 1342 2478 loco
1370 2426 1616 2488 deiectus,
1646 2427 1728 2476 diu

220 2511 471 2575 privatus,
497 2511 550 2560 in
575 2528 759 2576 magna
785 2509 1025 2576 egestate
1040 2511 1193 2570 vitam
1220 2510 1372 2560 duxit.
1399 2509 1523 2559 Post
1547 2514 1620 2559 tot
1646 2510 1727 2558 de-

222 2609 350 2644 mum
376 2611 651 2658 aerumnas,
667 2601 867 2662 optatus
892 2595 974 2645 hic
995 2596 1040 2645 ei
1070 2595 1177 2645 dies
1204 2595 1406 2657 affulsit,
1435 2609 1529 2658 quo
1558 2593 1728 2642 Sinani

223 2666 402 2728 delatis
435 2678 628 2744 imperii
668 2679 900 2730 militaris
938 2679 1246 2744 insignibus,
1282 2684 1510 2738 cunctOS,
1551 2677 1727 2740 quibus

222 2777 306 2812 res
345 2761 602 2826 Vngariae
638 2769 785 2814 notae
824 2769 1022 2824 essent,
1075 2762 1382 2827 conquirenti
1420 2762 1546 2809 inter
1588 2759 1728 2820 alios,
1757 2801 1768 2805 -

225 2861 429 2910 quorum
453 2845 588 2895 fideli
613 2862 766 2912 opera
790 2848 839 2897 in
866 2849 961 2897 hoc
985 2849 1119 2897 bello
1145 2853 1392 2905 uteretur,
1431 2845 1493 2894 ab
1539 2859 1631 2892 usu
1656 2859 1731 2892 re-

224 2946 344 2992 rum,
371 2936 425 2980 et
447 2931 627 2996 peritia
653 2948 820 2982 eorum
838 2933 1070 2993 locorum,
1096 2933 1147 2981 in
1175 2948 1301 2995 quae
1316 2935 1451 2979 esset
1484 2929 1732 2990 ducturus,

227 3015 306 3064 vel
333 3015 383 3064 in
409 3014 580 3080 primis
607 3016 1040 3067 commendaretur.
1087 3019 1141 3064 ln
1170 3016 1305 3064 cuius
1332 3013 1732 3073 familiaritatem,

288 3108 438 3134 MORVM.
457 3109 575 3135 livxu.
593 3109 691 3133 lus'r.
710 3122 736 3125 -Δ
755 3109 996 3135 scuw'l‘olffls
1021 3110 1111 3135 XVll.
1533 3094 1559 3136 3
