2112 3288
560 189 625 221 DE
651 189 759 221 ΒΕΒ.
796 187 908 221 VNG.
938 188 1049 221 nnc.
1079 189 1124 220 x.
1154 189 1198 221 L.
1228 190 1288 222 VI.
1532 214 1537 215 γ
1592 175 1692 226 109
1723 226 1726 230 ,

555 802 873 882 LIBER
917 801 1314 866 SEXTVS-

668 994 902 1046 OAPVT
928 995 1098 1043 PRlM
1109 995 1217 1044 VM.

183 1117 260 1166 De
293 1116 610 1166 Tartarorum
647 1118 859 1166 transitu
886 1134 981 1180 per
1016 1114 1169 1181 finem
1202 1115 1607 1180 Transylvcmiac,
1650 1122 1692 1161 et

439 1201 508 1249 ad
534 1199 778 1250 Sinanum
804 1203 856 1248 in
891 1200 1166 1265 V‘nyarz‘am
1207 1198 1437 1247 adventu.

327 1311 544 1371 Interim,
566 1311 678 1361 dum
703 1311 829 1360 haec
854 1316 1081 1374 aguntur,
1108 1309 1349 1359 Chereius
1365 1311 1692 1360 Tartarorum

182 1393 400 1444 Chamus
452 1392 542 1460 (ita
578 1395 676 1459 ipsi
713 1393 1072 1459 Imperatorem
1105 1409 1244 1443 suum
1270 1391 1690 1458 vocitant)‚conti-

182 1478 291 1528 nuis
318 1476 556 1528 Caesaris
583 1478 800 1541 Turcici,
829 1494 888 1528 ac
915 1479 1088 1528 Sinani
1115 1479 1308 1527 Bassae
1330 1478 1690 1528 sollicitationi-

182 1562 276 1611 bus
301 1562 509 1623 illectus,
537 1563 724 1612 coactis
750 1563 1037 1626 octuaginta
1065 1562 1258 1611 circiter
1298 1562 1514 1611 millibus
1541 1562 1692 1612 homi-

181 1661 294 1695 num
319 1647 370 1695 in
395 1647 695 1696 Moldaviam
736 1648 886 1709 venit,
937 1648 1031 1696 hoc
1053 1647 1275 1708 consiliO,
1315 1653 1368 1696 ut
1394 1653 1595 1712 captata
1620 1648 1690 1696 ibi

182 1730 458 1793 occasione,
482 1741 573 1796 per
600 1732 1025 1796 Transylvaniam
1049 1732 1145 1780 iter
1169 1731 1411 1790 faciendO,
1447 1732 1497 1779 in
1526 1733 1691 1795 Vnga·

180 1813 305 1863 riam
332 1814 561 1875 evadere,
587 1815 756 1880 ibique
783 1831 838 1864 se
858 1813 1037 1864 Sinani
1064 1815 1219 1880 copiis
1253 1815 1552 1877 coniungere
1576 1830 1691 1879 pos-

182 1903 272 1948 set.
299 1897 440 1959 Quae
465 1915 573 1949 cum
599 1899 822 1965 Principi
843 1899 1159 1964 Sigismundo
1184 1885 1525 1960 innotuissent,
1553 1915 1691 1949 coac-

181 1982 247 2032 tis
273 1983 532 2033 confestim
559 1984 715 2048 copiis
742 1984 867 2033 fines
887 1984 1058 2048 Regni
1082 1985 1295 2048 undique
1322 1985 1506 2043 muniit,
1546 1990 1595 2033 et
1619 1985 1690 2033 ita

181 2067 434 2116 custodias
458 2068 672 2132 undique
700 2068 955 2132 disposuit,
982 2074 1036 2117 ut
1060 2084 1158 2118 non
1181 2069 1329 2117 facile
1352 2070 1402 2117 in
1422 2069 1689 2132 regionem,

180 2155 230 2199 et
254 2155 432 2200 natura
457 2151 704 2212 munitam,
735 2158 784 2200 et
809 2152 1108 2202 exercitibus
1122 2153 1220 2201 iam
1233 2153 1491 2212 firmatam,
1516 2153 1689 2201 hostes

181 2234 454 2300 irrumpere
503 2251 655 2300 posse
695 2265 699 2269 .
722 2236 1052 2286 crederentur.
1116 2237 1176 2285 Id
1236 2237 1322 2286 ubi
1361 2236 1566 2286 Tartari
1598 2252 1688 2301 per

186 2315 528 2383 exploratores
555 2335 851 2383 cognovere,
866 2326 1128 2385 postquam
1137 2320 1419 2371 Palatinum
1433 2321 1688 2371 Moldavo-

178 2418 299 2465 rum,
324 2419 416 2452 nec
439 2405 672 2469 precibus
699 2420 906 2454 evocare
935 2406 999 2454 ad
1025 2395 1094 2467 se,
1123 2406 1574 2470 circumvenireque
1600 2416 1684 2471 po-

176 2487 401 2550 tuissent,
429 2489 593 2538 omnia
620 2489 815 2553 quidem
841 2490 928 2539 illo
956 2490 1020 2539 ad
1046 2490 1227 2540 victum
1253 2491 1543 2540 necessaria
1568 2506 1685 2555 sup-

181 2571 450 2635 peditante,
475 2574 565 2622 sed
597 2579 762 2623 tamen
798 2575 1006 2625 insidias
1046 2589 1214 2625 eorum
1248 2575 1576 2625 attentissime
1614 2575 1684 2623 in-

183 2655 329 2705 terim
355 2657 618 2720 devitante,
644 2659 695 2708 in
722 2660 994 2710 confinibus
1022 2660 1273 2722 Poloniae,
1301 2676 1361 2709 ac
1380 2661 1570 2709 Daciae
1596 2674 1685 2722 per

180 2739 321 2804 alpes
347 2741 525 2790 montis
552 2743 806 2808 Karpatii,
846 2745 1118 2794 Huztinum
1157 2760 1335 2794 versus
1365 2744 1503 2793 exiis
1531 2758 1684 2792 emer-

178 2828 362 2885 serunt,
388 2829 488 2873 tam
514 2825 679 2874 arduis
719 2827 1091 2894 salebrosisque
1117 2829 1389 2888 itineribus,
1418 2833 1470 2876 ut
1495 2827 1591 2875 nisi
1607 2843 1680 2887 ea,

179 2906 239 2955 de
267 2923 365 2971 qua
391 2907 439 2955 in
466 2910 786 2971 sequentibus
825 2912 1057 2974 dicemus,
1100 2913 1347 2962 discordia
1385 2911 1679 2981 Principem,

177 3005 236 3040 ac
273 3007 507 3058 proceres
546 2993 875 3058 distraxisset‚
914 2998 1095 3046 nemini
1134 2996 1327 3046 omnino
1365 3000 1538 3061 posset
1568 3010 1680 3045 esse
