2112 3288
0 3049 31 3288 ρᾳιᾏωδίζάηῇζψό
5 2992 34 3039 555¹
7 2907 29 2983 44:4⁴„
8 2814 27 2863 ’,ε-ς,
2 2798 11 2804 Ἀ
2 2752 20 2787 3⁸,
14 2735 15 2738 „
18 2719 19 2722 „
3 2658 25 2707 5⁵2>
2 2599 22 2638 ⁴5³.»-
14 2560 26 2577 γ’
8 2514 32 2521 ,ι
19 2472 26 2488 Α.
27 2355 30 2359 ᾖ
9 2229 15 2242 2-
0 2011 26 2202 1‡*'2'·÷·-*—⁷-‹³.²j‘},=,.

589 179 668 212 DE.
694 179 804 213 REB.
833 180 946 213 ητα.
972 179 1082 212 nnc.
1110 179 1155 211 x.
1183 181 1228 213 L.
1257 181 1302 213 v.
1519 212 1527 215 ,
1628 164 1716 228 91Α

188 302 304 357 tam,
333 296 386 346 in
409 287 612 345 nihilum
642 296 884 344 curabunt
910 295 1242 358 redigendam.
1272 295 1385 344 Hae
1411 296 1470 343 de
1494 311 1548 343 re
1576 296 1698 344 nihil

193 380 403 445 amplius
429 378 741 442 cogitandum
769 378 816 427 ei
842 393 968 439 esse,
1019 382 1207 427 tantum
1239 378 1289 427 id
1317 377 1598 437 curandum,
1648 384 1701 426 ut

191 462 426 515 mandata
451 461 698 528 expediat,
724 462 937 515 hostium
976 466 1141 512 terras
1180 462 1230 510 in
1265 461 1547 511 vastitatem
1573 461 1698 510 redi-

191 550 296 612 gat,
321 549 371 596 et
394 561 493 610 qua
519 545 598 596 die
624 543 719 597 iter
744 547 1067 612 ingressurus
1094 547 1173 607 sit,
1201 547 1246 596 ei
1272 545 1530 610 significet.

634 822 871 874 CAPVT
910 824 1250 875 TERTIVM.

293 930 466 983 Oratio
491 932 783 983 Mahumetis
808 934 876 984 ad
898 934 1179 997 Principem
1224 932 1607 998 Transylvanum

845 1026 1054 1067 versuta.

341 1138 515 1189 Oratio
531 1136 738 1188 Chausii
762 1140 1060 1190 Mahometis
1087 1139 1165 1188 his
1192 1139 1368 1188 similis
1393 1139 1499 1200 fuit,
1528 1154 1586 1187 eo
1599 1144 1704 1187 tan-

194 1230 296 1275 tum
322 1223 548 1289 amplior,
575 1223 706 1287 quod
727 1223 926 1285 diceret,
942 1222 1176 1273 Sinanum
1192 1224 1446 1288 deceptum
1462 1222 1704 1272 Matthiae

195 1291 491 1358 ssrohidueis
517 1307 690 1368 literis,
730 1308 780 1357 in
818 1308 911 1358 has
952 1309 1212 1373 angustias
1250 1307 1502 1367 incidisse,
1529 1308 1605 1356 oui
1632 1307 1702 1356 rei

194 1393 374 1443 indicio
399 1391 452 1440 id
477 1391 625 1441 etiam
652 1407 778 1452 esse,
831 1393 959 1457 quod
997 1394 1250 1443 abstinere
1290 1408 1407 1442 suos
1436 1409 1466 1441 a
1493 1392 1705 1457 depopu-

195 1476 359 1539 landis
379 1476 593 1526 hostium
618 1477 798 1526 finibus
826 1478 1210 1542 curaverit,⁴quo
1237 1478 1398 1541 magis
1425 1491 1480 1526 se
1508 1493 1538 1526 a
1564 1476 1705 1541 paeis

197 1560 492 1612 tractatione
518 1577 618 1610 non
644 1561 916 1611 abhorrere
956 1562 1029 1611 eis
1055 1563 1393 1626 persuaderet.
1424 1560 1608 1611 Sinano
1624 1578 1706 1611 ve-

196 1651 372 1696 terano
401 1645 499 1695 iam
526 1645 671 1706 Duei,
699 1650 750 1695 et
774 1651 847 1695 tot
874 1661 1031 1696 annos
1071 1647 1122 1695 in
1148 1646 1296 1695 bellis
1339 1651 1552 1706 versato,
1579 1662 1707 1696 nune

193 1744 312 1780 vero
352 1729 534 1780 aetatis
573 1745 767 1795 quoque
808 1731 927 1780 vitio
962 1731 1027 1780 ad
1065 1737 1288 1781 extrema
1327 1731 1631 1795 properanti,
1657 1731 1707 1780 id

122 1816 126 1819 ’
191 1813 432 1879 imprimis
458 1811 718 1864 molestum
744 1811 917 1877 videri,
946 1815 1076 1880 quod
1101 1820 1201 1865 tam
1229 1830 1387 1879 grave
1426 1820 1476 1864 et
1502 1815 1707 1864 exitiale

191 1896 392 1966 bellum,
422 1897 552 1969 omni
579 1913 669 1963 spe
695 1899 837 1964 paeis
874 1897 1164 1964 praescissa
1205 1904 1441 1959 exortum,
1468 1898 1706 1964 nullaque

191 1985 289 2034 iam
316 1982 418 2032 alia
442 1998 513 2042 re,
541 1997 687 2046 quam
713 1985 974 2034 multarum
1001 1985 1235 2048 gentium,
1254 2001 1409 2050 penes
1432 2001 1555 2050 quas
1569 2001 1710 2051 prae·

197 2067 353 2118 sentis
378 2067 514 2128 faeti,
541 2067 858 2132 foederisque
884 2070 1145 2134 interrupti
1185 2071 1330 2135 eulpa
1369 2070 1605 2131 resideat,
1639 2071 1709 2118 in—

194 2149 478 2203 ternecione
503 2151 861 2201 terminandum
887 2153 1263 2204 animadvertat.
1306 2153 1372 2204 Se
1400 2155 1575 2216 Deum,
1602 2169 1703 2204 eoe-

193 2235 369 2300 losque
395 2220 679 2296 contestari,
701 2236 954 2300 quiequid
990 2238 1104 2286 hine
1143 2239 1423 2288 mortalium
1464 2240 1615 2288 rebus
1641 2238 1711 2287 in-

194 2318 436 2369 eommodi
460 2318 707 2369 invectum
733 2321 894 2382 fuerit,
923 2322 973 2370 id
999 2326 1152 2372 totum
1168 2323 1217 2371 in
1258 2323 1517 2373 authorum
1544 2322 1712 2387 eapita

194 2403 743 2468 recidat,‘aeternisque
771 2420 858 2454 eos
884 2407 1059 2470 poenis
1088 2407 1345 2458 devoveat.
1386 2409 1588 2456 Interea
1626 2407 1710 2457 da-

192 2492 273 2544 -ret
295 2487 539 2552 Princeps
566 2503 785 2553 operam,
813 2496 866 2540 ut
891 2507 998 2541 eum
1025 2492 1087 2541 de
1113 2508 1238 2556 paee
1271 2498 1483 2558 'prorsus
1522 2493 1620 2541 iam
1648 2492 1711 2541 sit

198 2571 568 2634 conclamatum,
597 2574 661 2623 ad
687 2576 870 2625 bellum
897 2577 968 2626 ita
995 2592 1050 2626 se
1078 2585 1401 2642 compararet,
1428 2577 1498 2625 uti
1530 2591 1615 2625 eos
1631 2576 1711 2624 de-

200 2659 349 2716 eeret,
378 2655 461 2719 qui
484 2657 832 2709 beneficiorum
861 2658 1099 2709 Caesaris
1125 2676 1380 2721 memores,
1411 2675 1598 2709 omnem
1615 2659 1709 2707 sibi

200 2754 414 2804 operam,
465 2739 679 2791 labores.
722 2749 771 2792 et
809 2744 983 2805 studia,
1011 2760 1100 2807 pro
1129 2745 1232 2794 eius
1259 2745 1355 2794 fide
1381 2742 1706 2806 impendenda

199 2827 442 2887 putarent.
468 2823 612 2872 Nune
645 2827 774 2875 ultro
813 2829 1080 2878 fenestram
1133 2830 1177 2878 ei
1229 2830 1288 2877 ad
1330 2843 1410 2876 res
1449 2827 1709 2890 praeclare

200 2906 447 2970 gerendas
475 2908 672 2972 aperiri,
715 2908 939 2961 hostibus
974 2928 1064 2975 per
1103 2913 1286 2962 areium
1326 2910 1626 2970 obsidiones,
1661 2911 1711 2959 in

206 2989 385 3054 quibus
410 3005 538 3040 nune
562 2997 755 3057 tempus
793 2998 1023 3058 tererent,
1064 2996 1277 3061 spatium
1318 2992 1427 3043 aliis
1455 2993 1518 3042 ad
1545 3008 1709 3043 eorum
