2112 3288
396 177 492 227 182
920 197 984 230 10.
1012 197 1146 232 Dsscn
1169 198 1366 234 BARovn

375 322 679 376 >reversurus
706 311 928 374 captivos
953 311 1122 362 hostes
1161 314 1451 376 adduceret3
1490 314 1741 365 asservari
1777 314 1876 362 ius-

390 391 467 438 sit.
499 392 663 441 Tanta
686 393 824 443 initio
850 395 970 443 belli
995 396 1139 445 huius
1165 398 1418 447 Barbaros
1442 396 1718 463 insolentia,
1733 396 1878 449 confi-

391 474 653 538 dentiaque
678 477 767 539 sui,
791 478 939 542 plane
965 485 1166 544 ceperat
1191 481 1388 532 stolida.

1360 636 1373 678 K

802 803 1033 855 GAPVT
1085 805 1458 858 SEPTIMVM.

424 935 501 982 De
527 945 666 998 capto
705 935 956 983 Varsoczio
982 935 1189 999 castello,
1227 947 1268 985 et
1294 938 1476 1001 direpto
1503 956 1608 987 cum
1634 942 1839 989 circum·

716 1018 978 1065 iacentibus
994 1020 1155 1082 payz‘s,
1183 1020 1362 1083 oppido
1387 1019 1544 1084 cheo'.

530 1143 688 1209 Capto
714 1146 764 1194 in
789 1145 916 1195 hunc
957 1145 1149 1196 modum
1187 1147 1411 1196 Bokczia
1449 1150 1681 1199 castello:
1720 1148 1878 1201 Geor-

390 1229 500 1291 gius
551 1242 745 1277 cursum
793 1229 1030 1277 victoriae
1081 1230 1455 1279 continuandum
1492 1236 1630 1281 ratus
1647 1267 1659 1289 ,
1710 1233 1876 1284 missis

388 1326 494 1359 cum
530 1311 715 1358 Ioanne
754 1310 973 1373 Lugosio
1013 1311 1235 1361 ducentis
1269 1313 1513 1376 equitibus
1554 1319 1602 1362 et
1641 1315 1876 1378 quinqua-

387 1393 525 1455 ginta
549 1391 810 1455 peditibus,
835 1393 1032 1455 praeire
1071 1407 1155 1442 cos
1189 1398 1238 1442 et
1272 1393 1558 1458 interceptis
1597 1397 1874 1446 commeati-

385 1476 478 1523 bus
552 1474 957 1539 circumequitare
1019 1475 1343 1527 Varsoczium
1406 1478 1660 1527 castellum
1717 1479 1875 1530 iussit.

388 1557 629 1606 Praeerat
641 1558 691 1605 id
703 1559 939 1622 temporis
965 1560 1237 1608 Varsoczio
1265 1561 1382 1608 Deli
1407 1561 1618 1610 Kurtius
1643 1561 1772 1624 Aga,
1798 1562 1876 1611 vir

388 1655 532 1689 manu
569 1645 820 1701 strenuus,
860 1640 1007 1704 idque
1047 1642 1239 1690 delecta
1277 1643 1374 1690 sibi
1413 1643 1877 1707 quadringentorum

389 1723 581 1771 circiter
631 1728 940 1772 evocatorum
977 1739 1122 1772 manu
1160 1725 1362 1787 egregie
1406 1726 1671 1787 munierat;
1711 1727 1794 1790 qui
1832 1727 1876 1776 si

386 1791 546 1868 primo
569 1806 733 1853 statim
771 1806 953 1869 impetu
991 1811 1333 1855 antecursores
1371 1807 1486 1855 illos
1525 1808 1725 1858 adortus
1762 1810 1878 1859 fuis-

390 1893 492 1945 set3
531 1903 639 1947 nae,
668 1888 779 1936 dum
807 1904 836 1937 a
862 1889 1273 1952 subsequentibus
1301 1881 1651 1952 adiuti'forent,
1677 1897 1876 1941 nostros

387 1985 554 2018 omnes
581 1970 646 2017 ad
669 1986 815 2019 unum
841 1971 1085 2020 trucidare
1110 1972 1398 2035 potuissent.
1447 1971 1547 2021 Sed
1572 1973 1875 2024 adventanti-

388 2053 481 2100 bus
507 2052 740 2112 Vngaris,
783 2052 977 2101 Turcae
1013 2053 1220 2116 primum
1257 2068 1343 2101 eos
1382 2059 1603 2103 armenta
1629 2069 1741 2104 esse
1775 2071 1877 2105 cre-

388 2136 517 2195 dere,
569 2149 681 2182 mox
721 2135 915 2197 cognito
954 2135 1167 2184 hostium
1205 2136 1417 2185 adventu
1454 2137 1649 2185 emissis
1693 2138 1878 2201 aliquot

385 2217 632 2281 peditibus
660 2232 746 2265 eos
771 2218 1021 2281 impetere.
1057 2219 1229 2268 Nostri
1253 2220 1384 2268 facto
1422 2219 1472 2267 in
1497 2220 1749 2268 Barbaros
1786 2221 1871 2268 im-

385 2303 503 2362 petu
527 2298 578 2346 in
604 2313 766 2346 arcem
794 2314 879 2347 eos
905 2300 1156 2362 fugavere,
1185 2301 1266 2364 qui
1292 2301 1558 2349 obstructis
1584 2302 1762 2362 statim,
1800 2304 1870 2351 uti

387 2381 439 2428 in
465 2380 703 2429 eiusmodi
727 2396 782 2428 re
808 2381 915 2429 fieri
956 2384 1221 2443 consuevit,
1259 2383 1432 2447 portis,
1467 2383 1531 2431 ad
1567 2384 1873 2433 tolerandam

387 2476 443 2510 se
469 2462 771 2511 obsidionem
798 2463 1069 2512 accinxere.
1100 2465 1419 2522 ,Emanserat
1445 2464 1640 2527 quidam
1680 2466 1874 2529 praeci·-

384 2558 512 2606 puae
538 2543 800 2606 dignitatis·
822 2545 999 2605 Turca,
1028 2546 1091 2594 ad
1116 2551 1258 2608 quem
1270 2538 1661 2609 persequendum
1688 2547 1868 2598 missus

388 2626 556 2674 statim
583 2630 660 2674 est
673 2625 937 2675 Ladislaus
952 2627 1262 2690 PattantyUS,
1290 2643 1351 2676 ex
1379 2629 1514 2678 cuius
1540 2627 1674 2677 fideli
1697 2644 1869 2678 narra-

380 2708 512 2756 tione
538 2707 642 2756 hoc-
667 2708 939 2770 scribimus,
967 2724 1075 2758 eum
1111 2709 1278 2758 decem
1305 2710 1418 2758 aliis
1457 2710 1670 2759 selectis
1696 2710 1868 2774 equiti-

383 2790 606 2852 buS,-qui
631 2789 884 2839 Barbaros
920 2806 1016 2839 non
1054 2792 1281 2852 assecuti,
1320 2792 1763 2856 advesperascente
1789 2791 1866 2840 die

383 2873 433 2920 in
459 2877 625 2920 castra
648 2872 909 2922 redierunt.
946 2872 1234 2922 Advenerat
1269 2873 1462 2922 interim
1498 2875 1648 2922 robur
1685 2875 1868 2922 exerci-

383 2959 463 3001 tus
511 2958 815 3014 nostrorum,
871 2955 1199 3018 indagineque
1251 2959 1525 3004 castrorum
1575 2955 1864 3005 munitiones
