2112 3288
381 99 450 149 40
905 118 968 149 10.
998 117 1130 149 maen
1154 117 1351 149 BARovn

525 231 699 293 Itaque
725 231 925 280 militem
947 231 1113 280 statim
1141 231 1284 294 cogit,
1313 234 1570 297 omniaque
1596 236 1658 284 ad
1671 235 1768 283 vim
1795 249 1870 283 ar-

383 313 476 361 mis
502 314 837 376 repellendam
862 315 1083 375 instruit,
1121 320 1174 363 ut
1199 331 1305 364 cum
1332 309 1652 366 adventantes
1679 316 1883 366 validas*

346 422 349 426 >
386 395 661 444 Turcarum
687 397 819 445 vires
869 398 990 447 duce
1028 398 1197 447 Beller
1221 399 1360 461 Bego
1400 397 1649 449 Graeciae
1679 386 1872 448 ¹intelle-

386 479 557 547 xisset,
583 480 705 528 nihil
730 482 945 541 territUS,
964 481 1113 545 utqui
1139 482 1269 546 apud
1295 482 1488 532 Turcas
1512 473 1761 545 educatUS,
1787 481 1873 530 mi-

385 577 477 611 nus
504 577 603 624 eos,
632 563 833 627 quorum
858 564 991 613 vires
1019 565 1302 629 exploratas
1328 566 1562 628 haberet,
1588 565 1875 616 reformida-

385 650 474 706 ret,
501 662 811 710 nequaquam
835 649 942 697 loco
971 644 1225 710 decedere,
1250 649 1347 698 nisi
1360 650 1547 714 pulsus,
1561 651 1874 714 fugatusque,

388 745 550 779 secum
576 731 839 780 oonstituit.
879 730 977 780 Sed
1001 748 1062 781 ne
1086 732 1253 781 Beller
1278 733 1446 796 Begus
1474 734 1682 797 quidem,
1710 749 1876 797 quam-

386 814 462 862 vis
489 814 551 862 ad
578 814 931 878 quinquaginta
955 815 1202 864 hominum
1226 816 1381 866 millia
1406 816 1456 864 in
1484 817 1663 865 castris
1688 816 1876 866 habere

387 897 629 947 diceretur
643 936 653 953 ‚
692 904 877 947 tantum
905 899 1051 948 animi
1075 899 1262 958 habuit,
1286 904 1340 948 ut
1364 899 1607 948 hominem
1631 900 1755 948 tanti
1781 899 1877 964 spi-

386 979 530 1040 ritus,
557 980 820 1044 verbisque
846 981 1187 1042 ferocientem,
1212 986 1397 1031 temere
1423 982 1633 1046 aggredi
1659 981 1877 1043 auderet,

387 1062 664 1127 Principem
691 1063 931 1112 duntaxat
958 1063 1338 1127 Sigusmundum
1377 1065 1536 1114 literis
1563 1064 1877 1126 sollicitabat,

386 1150 440 1194 ut
463 1146 613 1194 misso
641 1147 871 1208 exercitU,
898 1148 968 1196 uti
994 1145 1185 1196 Caesar
1210 1147 1520 1211 imperasset,
1543 1147 1744 1197 Petrum
1767 1147 1878 1198 loco

388 1228 685 1278 deturbaret.
1805 1243 1808 1245 ’

827 1429 1060 1483 OAPVT
1100 1429 1436 1481 TERTIVM.

387 1539 464 1587 De
490 1537 787 1602 expeditione
820 1539 1272 1603 Transylvanorum
1310 1541 1364 1587 in
1390 1537 1692 1587 Moldavz'am
1717 1544 1883 1586 contra

1034 1622 1248 1670 Petrum.

530 1729 636 1779 Iam
662 1745 780 1779 vero
808 1729 1049 1795 Princeps
1079 1734 1283 1794 accepto
1305 1728 1541 1778 Caesaris
1556 1728 1785 1778 mandato
1803 1728 1883 1778 de-

387 1814 565 1863 lectum
601 1814 775 1863 haberi
819 1813 1068 1873 iusserat,
1121 1814 1263 1877 eique
1301 1811 1574 1878 Casparem
1613 1811 1882 1862 Sibrikium

390 1896 580 1946 aulicae
606 1912 725 1945 suae
764 1897 966 1946 militiae
1003 1897 1314 1946 Praefectum
1352 1898 1523 1946 ducem
1549 1896 1883 1959 constituerat,
1928 1883 1931 1886 Δ

390 1979 556 2030 addito
586 1984 867 2043 praeceptO,
891 1984 945 2029 ut
969 1980 1019 2028 in
1043 1979 1344 2028 Moldaviam
1370 1979 1647 2042 ingressus,
1673 1977 1886 2041 Petrum,

388 2062 683 2126 tempestiva
709 2062 883 2111 virium
924 2061 1276 2123 ostentatione,
1320 2077 1378 2111 eo
1405 2061 1568 2125 potius
1587 2094 1591 2099 ι
1607 2060 1888 2123 adduceret,

388 2151 441 2203 ut
465 2150 649 2194 mutato
677 2144 907 2204 consilio,
947 2144 1098 2193 saluti
1125 2159 1246 2193 suae
1274 2143 1578 2203 consuleret,
1618 2159 1762 2207 quam
1787 2143 1886 2191 vim

389 2232 636 2293 expertus,
663 2228 982 2276 manifestum
1020 2227 1152 2283 vitae
1198 2227 1472 2296 capitisque
1501 2226 1762 2274 discrimen
1787 2225 1888 2275 adi-

388 2315 478 2360 ret.
515 2309 613 2358 Sed
639 2325 700 2359 ea
736 2325 928 2372 quoque
964 2325 1018 2358 re
1050 2309 1173 2358 nihil
1213 2314 1491 2373 permotus,
1528 2308 1690 2358 Iassio
1730 2308 1888 2357 selum

389 2393 568 2459 oppido
608 2408 662 2441 se
699 2394 923 2451 tenebat,
970 2398 1106 2441 tanto
1135 2392 1359 2452 silenti0,
1386 2396 1438 2440 ut
1475 2392 1658 2440 nullam
1682 2405 1888 2456 prorsus

389 2477 815 2541 significationem,
838 2476 985 2524 animi
1023 2476 1101 2524 sui
1137 2476 1190 2523 in
1227 2474 1463 2524 utramvis
1500 2478 1691 2538 partem
1732 2474 1885 2524 daret.

390 2561 498 2621 Quo
523 2561 705 2621 factum
740 2559 857 2621 fuit,
905 2564 959 2607 ut
998 2558 1247 2608 Sibrikius
1274 2558 1464 2607 nemine
1490 2558 1783 2616 resistente,
1811 2572 1890 2606 su-

332 2673 334 2675 ·
389 2643 576 2709 peratis
604 2643 797 2707 alpibus
831 2642 881 2690 in
919 2642 1042 2690 fines
1080 2642 1298 2705 regionis
1336 2641 1622 2704 ingressus,
1662 2640 1734 2688 ita
1759 2639 1889 2703 quie-

389 2737 489 2780 tum
514 2716 694 2790 ubique
733 2741 909 2790 agmen
950 2725 1172 2785 duceret,
1198 2730 1250 2774 ut
1275 2730 1374 2774 tum
1400 2724 1607 2788 primum
1633 2723 1696 2772 ab
1722 2721 1890 2787 explo-

392 2795 639 2862 ratoribus
686 2810 820 2858 Petri
859 2810 1035 2858 adesse
1073 2809 1209 2858 visus
1244 2809 1333 2869 sit,
1373 2824 1479 2858 cum
1517 2808 1614 2856 iam
1650 2806 1890 2855 instructa

395 2896 518 2955 acie,
545 2895 763 2961 proxime
790 2894 853 2943 ad
899 2894 1127 2958 oppidum
1153 2893 1433 2953 accederet,
1460 2897 1559 2942 tum
1587 2891 1778 2940 demum
1805 2888 1885 2938 ad-
