2112 3288
467 194 533 245 68
996 207 1062 240 10.
1087 206 1220 240 meon
1245 206 1440 239 BARovn

465 339 549 373 eos
576 324 759 372 abitum
786 323 848 371 ad
874 336 991 371 suos
1017 322 1286 370 habituros,
1314 321 1626 384 Responsum
1664 324 1740 368 est
1779 319 1842 367 ab
1869 317 1957 378 eis,

460 407 692 456 mandato
719 405 982 465 Praefecti,
1008 404 1156 454 malle
1183 420 1237 454 se
1259 404 1413 452 vitam
1451 402 1762 468 profundere,
1813 415 1958 464 quam

467 491 612 539 fidem
638 490 774 550 De0,
826 504 885 538 ac
910 488 1203 553 Imperatori
1230 502 1317 536 suo
1347 488 1510 537 datam
1535 486 1744 550 turpiter
1769 484 1959 541 fallere,

466 573 573 633 Quo
598 573 773 622 nuncio
802 570 1016 620 Sinanus
1043 571 1252 634 cognit0,
1279 571 1415 620 iubet
1441 569 1607 618 statim
1630 567 1855 632 sequenti
1881 565 1959 615 die

465 658 546 706 22.
574 657 695 706 Maii
722 656 975 704 duodecim
1001 656 1190 704 minora
1216 659 1458 703 tormenta
1483 653 1664 711 bellica
1677 652 1828 700 muris
1843 664 1959 715 qua-

459 740 640 788 tiendis
669 739 932 788 admoveri.
960 738 1295 801 Posteaquam
1320 737 1471 799 igitur
1485 736 1696 799 quinque
1717 731 1960 782 continuis

461 825 633 873 diebus
695 822 817 870 muri
866 821 1120 870 tormentis
1182 820 1322 884 petiti
1382 819 1571 868 ruinam
1634 818 1958 866 minarentur:

462 906 627 971 quinto
654 905 853 954 tandem
880 905 958 953 die
985 905 1076 952 sub
1110 909 1301 952 noctem
1339 903 1595 966 quingenti
1633 917 1695 950 ex
1719 899 1959 949 Barbaris

463 1006 628 1039 arcem
655 990 879 1047 subeunt,
909 1002 1033 1050 quos
1060 986 1416 1049 quinquaginta
1443 983 1836 1033 Christianorum
1861 982 1952 1031 ibi-

462 1075 571 1123 dem
598 1073 647 1120 in
674 1072 867 1121 insidiis
895 1069 1139 1124 collocati,
1169 1084 1276 1117 cum
1303 1084 1484 1130 magna
1511 1082 1676 1116 eorum
1701 1065 1841 1114 clade
1852 1065 1958 1114 fun-

461 1158 591 1216 dunt,
623 1161 772 1218 atque
797 1156 987 1217 fugant.
1016 1151 1168 1202 Sexto
1195 1152 1346 1214 igitur
1372 1151 1450 1199 die
1489 1166 1597 1200 cum
1634 1148 1862 1199 mandato
1885 1146 1958 1197 Si-

460 1239 576 1288 nani
605 1238 824 1287 cominus
852 1237 1033 1285 milites
1072 1250 1235 1284 arcem
1262 1239 1492 1294 veterem,
1531 1233 1630 1281 iam
1666 1247 1755 1297 per
1781 1246 1837 1280 se
1862 1231 1958 1280 rui·

460 1337 646 1382 nosam,
675 1327 723 1371 et
749 1320 990 1370 continuis
1018 1314 1230 1383 quinque
1257 1318 1443 1367 dierum
1469 1317 1647 1365 ictibus
1674 1318 1960 1378 quassatam

461 1405 671 1469 aggredi
697 1404 1013 1453 statuissent:
1059 1401 1270 1462 obsessi,
1310 1415 1515 1464 quorum
1558 1395 1664 1448 400
1706 1395 1958 1458 Germani,

465 1488 569 1538 600
609 1488 805 1550 Vngari
830 1488 1040 1544 fuerant,
1080 1491 1240 1544 noctu,
1278 1484 1526 1548 patefacto
1569 1496 1704 1530 muro
1745 1478 1958 1549 egressi,

463 1571 702 1620 acerrime
729 1586 836 1618 cum
862 1568 1102 1618 Barbaris
1129 1567 1407 1631 confligunt,
1459 1566 1585 1615 unde
1624 1564 1687 1613 ad
1712 1567 1960 1613 trecentos

462 1654 657 1702 circiter
681 1654 802 1716 fuga
830 1652 926 1702 sibi
952 1652 1161 1700 salutem
1190 1650 1495 1714 quaesivere,
1537 1648 1689 1697 ceteri
1726 1646 1876 1706 caesi,
1902 1660 1961 1695 ac

463 1753 571 1787 cum
599 1737 862 1786 Praefecto
888 1735 1204 1784 Ferdinando
1233 1734 1381 1798 capti,
1421 1738 1470 1781 et
1507 1733 1570 1782 ad
1595 1730 1828 1781 Sinanum
1851 1744 1960 1795 per-

462 1821 593 1870 ducti
618 1821 770 1869 fuere.
800 1820 880 1868 Ex
907 1834 1073 1867 eorum
1099 1833 1299 1867 numero
1342 1817 1435 1865 fuit
1473 1821 1522 1865 et
1547 1815 1727 1864 Petrus
1751 1812 1959 1863 Miskol-

462 1905 567 1954 cius
605 1903 831 1953 Minister
870 1902 1008 1951 verbi
1051 1901 1201 1950 divini
1256 1901 1386 1965 apud
1423 1898 1838 1964 VesprimienseS,
1877 1895 1959 1959 qui

461 1989 588 2037 haec
612 1987 756 2035 nobis
784 1986 954 2035 ordine
983 1999 1147 2034 coram
1174 1984 1416 2049 exposuit.
1443 1983 1495 2032 Is
1522 1998 1628 2031 cum
1654 1997 1752 2030 una
1766 1995 1872 2030 cum
1884 1985 1959 2029 r'e-

463 2071 612 2135 liquis
638 2070 687 2118 in
714 2069 955 2134 praelium
983 2083 1269 2131 eggressus,
1289 2067 1511 2131 sclopeto
1525 2067 1576 2115 in
1589 2065 1805 2115 humeris
1817 2065 1959 2123 ictus,

464 2156 683 2204 laborem
711 2155 861 2217 fugae
886 2153 1104 2222 ulterius
1120 2152 1365 2201 sustinere
1390 2167 1487 2201 non
1512 2155 1713 2215 posset,
1766 2149 1818 2197 in
1843 2147 1966 2202 vici<

459 2252 549 2286 nos
588 2237 745 2285 saltus
784 2236 1066 2285 nemoribus
1106 2236 1286 2285 densos
1325 2235 1550 2298 elapSUS,
1601 2248 1708 2281 cum
1749 2230 1958 2294 quodam

463 2319 715 2369 Germano
745 2334 798 2366 se
824 2319 874 2367 in
912 2319 1070 2383 sylvis
1098 2318 1248 2367 abdit.
1277 2318 1477 2366 Interim
1503 2315 1723 2364 nonnulli
1749 2330 1811 2363 ex
1835 2313 1957 2362 Bar-

460 2404 596 2453 baris
624 2403 1042 2467 supervenientes,
1071 2400 1370 2450 Germanum
1394 2400 1546 2459 illum,
1596 2397 1735 2447 Petri
1760 2396 1957 2455 socium,

460 2487 529 2536 ibi
555 2501 609 2535 se
636 2487 884 2534 occultare
923 2485 1329 2544 animadvertunt,
1381 2488 1430 2531 et
1477 2478 1764 2546 praelongis
1807 2479 1957 2528 ferire

459 2569 620 2618 hastis
660 2560 912 2627 conantur,
966 2567 1056 2616 sed
1092 2567 1136 2615 is
1177 2566 1450 2615 audendum
1490 2565 1586 2613 sibi
1625 2562 1812 2626 aliquid
1846 2563 1956 2612 viro

461 2645 659 2715 dignum
685 2658 840 2720 ratus,
891 2666 1037 2700 unum
1087 2666 1149 2699 ex
1186 2649 1441 2709 Barbaris,
1467 2649 1700 2712 impetum
1726 2647 1777 2695 in
1803 2660 1858 2696 se
1883 2646 1959 2698 fa.

461 2737 686 2795 cientem,
712 2735 931 2798 sclopeto
957 2732 1210 2782 manuario
1235 2732 1477 2792 interficit,
1518 2735 1711 2780 ceteros
1736 2744 1793 2778 eo
1822 2734 1954 2778 metu

458 2819 511 2867 in¹
533 2821 703 2882 fugam
730 2817 951 2868 coniecit.
983 2819 998 2865 1
1007 2832 1097 2881 pse
1124 2821 1320 2880 arrepto
1361 2816 1480 2877 eius,
1520 2831 1660 2879 quem
1695 2814 1954 2874 deiecerat,

460 2917 600 2965 equo,
641 2901 872 2950 assiliens
910 2916 1096 2950 summa
1134 2900 1388 2948 celeritate
1425 2899 1477 2946 in
1522 2914 1653 2956 eum,
1705 2897 1953 2946 concitato

459 3001 604 3036 cursu
632 2985 840 3034 salutem
866 2984 962 3033 sibi
989 2983 1246 3046 quaesivit,
1282 2998 1387 3031 cum
1415 2984 1602 3031 frustra
1628 2996 1735 3030 eum
1761 2980 1955 3028 Turcae
