2112 3288
630 194 694 228 DE
719 195 826 228 REB.
853 194 965 227 VNG.
996 194 1104 227 ΠΕΟ.
1133 194 1178 228 Χ.
1205 196 1248 227 L.
1276 196 1324 229 11.
1503 186 1509 189 “
1662 183 1730 232 35

228 313 310 363 hio
334 310 431 362 sibi
455 309 649 359 modum
688 308 966 374 ponendum
991 314 1156 369 ratus,
1197 309 1345 357 alium
1386 310 1534 359 etiam
1573 327 1635 360 ex
1660 313 1729 360 iu-

227 395 462 455 nioribus,
487 406 662 442 recens
675 392 726 440 in
753 391 974 441 ordinem
1002 389 1332 441 Chausiorum
1353 398 1633 456 cooptatum
1647 410 1731 444 no-

226 479 355 530 mine
383 476 516 527 Alim
543 492 606 526 ex
632 476 840 539 Vngaro
869 476 1089 524 Turcam
1113 475 1311 538 factum,
1338 491 1446 525 cum
1473 477 1545 525 eis
1571 477 1734 538 mittit,

227 577 305 625 ec,
328 566 383 612 ut
409 559 543 610 credi
569 576 663 624 par
690 559 797 620 fuit,
827 558 1117 619 consili0,ut
1143 576 1173 609 a
1189 560 1416 622 diversis,
1445 560 1554 624 quis
1570 562 1734 610 Tran-

229 645 455 712 sylvanis
482 659 659 694 sensus
687 649 836 705 esset,
865 642 996 707 quod
1022 643 1159 705 genti
1182 644 1450 706 consilium,
1475 650 1737 709 postquam

229 729 294 780 ad
326 743 382 778 se
421 727 716 786 rediissent,
761 726 983 775 exactius
1011 726 1140 776 scire
1165 733 1351 792 posset.
1393 727 1522 788 Quia
1560 733 1737 789 autem,

229 798 361 878 quod
385 809 607 875 Legatos
646 810 775 859 iusto
815 809 984 859 durius
1011 812 1319 875 excepisset,
1360 812 1492 876 quod
1517 813 1736 875 gratula-

227 897 411 947 tionem
436 910 605 946 eorum
630 895 701 943 ita
723 894 979 959 despectui
1007 894 1280 957 habuisset,
1308 896 1738 960 Mahometumque

228 996 338 1030 cum
362 977 605 1028 eiusmodi
630 977 878 1026 mandatis
905 977 954 1025 in
983 978 1406 1043 Transylvaniam
1434 980 1736 1042 ablegasset,

221 1047 293 1114 'ex
312 1062 492 1128 quibus
530 1077 713 1125 magna
753 1060 921 1124 aliqua
953 1061 1224 1110 animorum
1263 1063 1577 1114 commutatio
1618 1062 1738 1111 oriri

228 1151 403 1214 posset
429 1164 439 1195 :
477 1145 589 1195 ideo
616 1143 930 1194 Ravazdium
956 1144 1121 1194 mitius
1147 1145 1246 1194 iam
1272 1146 1543 1208 allocutus,
1570 1146 1737 1196 huma-

230 1231 360 1281 niter
387 1246 418 1279 a
444 1244 500 1278 se
527 1228 723 1287 dimisit,
750 1227 800 1276 id
826 1232 1015 1277 tantum
1042 1229 1105 1277 ab
1134 1244 1191 1277 eo
1218 1231 1533 1290 contendens,
1550 1229 1736 1279 Princi-

231 1330 343 1380 pem
368 1313 433 1363 ad
456 1314 583 1362 bene
609 1312 892 1361 merendum
920 1312 980 1360 de
1002 1310 1225 1362 Caesare
1252 1314 1419 1363 verbis
1446 1330 1505 1363 ac
1531 1329 1584 1363 re
1610 1315 1736 1380 ipsa,

234 1397 540 1448 accenderet.
554 1388 655 1447 Sed
669 1401 720 1444 et
736 1394 937 1445 Oziafer
951 1396 1104 1460 BegO,
1120 1413 1179 1446 ac
1193 1397 1281 1446 alii
1295 1396 1515 1447 Chausio
1532 1415 1592 1448 ea
1605 1387 1743 1448 man-'

233 1483 351 1533 data
377 1481 537 1543 dedit,
565 1481 743 1545 quibus
771 1480 902 1544 quod
930 1480 1140 1531 maxime
1167 1482 1345 1543 vellet,
1379 1482 1574 1531 facilius
1601 1497 1738 1532 asse-

234 1571 482 1632 queretur.
521 1565 590 1613 Hi
617 1579 788 1614 omnes
816 1563 989 1612 eodem
1013 1568 1235 1628 tempore
1262 1563 1445 1614 Albam
1471 1565 1648 1614 Iuliam
1675 1565 1739 1614 ad

232 1649 513 1714 Principem
539 1647 905 1713 pervenientes,
935 1647 1120 1696 diversi
1149 1648 1348 1698 diversa
1376 1649 1608 1699 retulere.
1634 1649 1737 1698 Ra-

231 1733 439 1784 vazdius
474 1731 714 1797 imprimis
750 1731 873 1780 nihil
910 1731 960 1780 111
986 1730 1171 1781 Sinano
1211 1732 1391 1781 sinceri
1418 1748 1558 1794 esse,
1593 1733 1739 1796 idque

232 1823 422 1868 tantum
447 1831 556 1866 eum
595 1820 850 1880 spectare,
888 1820 941 1864 ut
967 1815 1008 1864 si
1036 1816 1222 1880 possit,
1262 1816 1544 1881 Principem
1582 1817 1646 1866 ad
1684 1831 1739 1865 se

234 1901 449 1961 alliciat,
477 1900 555 1949 sin
580 1900 765 1961 minus,
799 1900 850 1947 in
875 1900 1046 1948 hostes
1074 1900 1309 1962 concitet,
1335 1901 1639 1966 provinciam
1665 1916 1739 1949 ar-

235 1986 329 2036 mis
355 2000 561 2035 vacuam
588 1984 778 2046 reddat,
805 1983 1017 2045 tandem,
1045 1984 1088 2033 si
1115 1989 1282 2034 cetera
1302 1986 1348 2034 ei
1371 2001 1463 2050 pro
1490 1990 1605 2034 voto
1633 2000 1740 2034 suc-

237 2070 438 2131 cedant,
466 2083 673 2133 opresso
702 2084 810 2116 cum
837 2068 1129 2133 proceribus
1156 2067 1402 2133 Principe,
1433 2070 1740 2134 Transylva-

234 2154 367 2204 niam
403 2153 455 2201 in
494 2152 779 2217 provinciae
818 2152 1027 2200 formam
1064 2151 1273 2215 redigat.
1320 2150 1523 2202 Oziafer
1572 2153 1742 2215 Begus

236 2237 316 2287 his
343 2236 593 2288 contraria
636 2236 909 2285 asserebat.
949 2234 1182 2285 Sinanum
1220 2237 1418 2286 iamiam
1459 2237 1743 2286 muneribus

237 2321 541 2388 pacatiorem
566 2319 822 2381 redditum,
850 2321 1013 2370 omnia
1040 2320 1137 2369 sibi
1163 2321 1222 2370 de
1243 2320 1476 2386 Principe
1502 2321 1742 2385 polliceri,

238 2405 387 2469 idque
411 2408 598 2454 tantum
627 2403 827 2467 requiri,
853 2408 905 2453 ut
921 2403 1162 2469 Princeps
1184 2405 1395 2454 officium
1410 2420 1550 2454 suum
1576 2405 1743 2465 faeiat,

242 2488 561 2552 omnibusque
598 2486 758 2537 modis
797 2486 856 2536 de
896 2486 1115 2537 Caesare
1153 2489 1278 2538 bene
1317 2484 1495 2538 mereri
1533 2489 1743 2549 studeat,

245 2587 304 2620 ac
329 2571 551 2636 inprimis
578 2569 814 2621 Sinanum
842 2572 971 2619 omni
998 2572 1160 2622 studio
1201 2572 1296 2621 sibi
1334 2573 1609 2622 devinctum
1636 2572 1743 2620 red-

245 2655 357 2704 dat.'
371 2653 614 2718 Alibegus
631 2654 858 2703 similiter
881 2670 1098 2705 consona
1112 2656 1280 2704 verbis
1295 2655 1540 2705 Ravazdii
1567 2654 1744 2712 dicere,

246 2736 480 2787 Sinanum
503 2738 690 2802 perfide
730 2739 893 2788 omnia
932 2755 1112 2803 agere,
1141 2737 1341 2788 Oziafer
1367 2740 1557 2801 Begum
1583 2742 1744 2786 autem

246 2819 534 2885 decipiendo
560 2819 864 2889 Principem,
898 2828 1156 2886 quaestum
1182 2823 1364 2881 facere,
1392 2821 1745 2870 Mahometum-

247 2919 341 2968 que
379 2904 541 2953 omnia
577 2920 639 2953 ex
676 2905 874 2967 ingenio
914 2921 1003 2957 suo
1044 2908 1347 2971 depromere.
1396 2905 1745 2955 Verumtamen

1478 3069 1531 3110 3ss
