2112 3288
472 183 578 239 304
1003 206 1067 239 10.
1095 204 1229 240 1111011
1247 203 1443 241 131111ον11

468 325 842 386 nostrarumque
869 323 1121 387 copiarum
1132 323 1399 388 imperator
1412 336 1524 370 esse
1539 321 1786 371 voluerim.
1801 321 1960 382 Qum

466 418 623 454 meam
659 404 870 455 tuendae
910 406 1372 469 conservandaeque
1405 405 1597 468 patriae
1623 399 1962 470 promptitudh

468 481 667 549 nem,'iis
695 492 743 536 et
757 489 1090 550 successibus,
1117 489 1292 552 gratiis
1308 493 1453 552 atque
1467 489 1766 538 ornamentis
1794 487 1960 539 dim

477 570 539 619 ad
552 570 647 620 hoc
660 585 815 634 usque
828 576 1017 636 tempus
1032 572 1342 637 providentia
1357 570 1711 630 condecoravit,
1726 575 1872 635 atque
1885 584 1967 622 re*

473 658 725 702 munerata
751 658 840 713 est,
867 659 920 703 ut
944 670 1040 703 non
1067 655 1229 704 solum
1256 645 1439 703 sartam
1456 658 1732 716 tectamque
1757 653 1862 702 Dei.
1878 654 1966 703 be*

470 735 643 784 neficio
672 738 1066 786 conservaverim
1090 738 1325 787 hactenus
1351 736 1575 800 patriam,
1603 736 1692 784 sed
1716 736 1959 787 etiam-no·-

471 818 805 867 minatissimis
821 819 1035 881 arcibus,
1064 820 1270 884 oppidis,
1297 819 1516 879 urbibus,
1543 819 1961 884 amplissimisque

470 902 734 966 provinciis
761 907 907 965 atque
939 903 1200 951 territoriis
1247 902 1531 950 adauxerim
1569 894 1714 965 atque
1752 899 1958 966 amplifi-

472 985 696 1033 caverim.
738 984 818 1032 Ad
855 985 978 1042 haec
1014 985 1064 1032 id
1091 985 1237 1033 etiam
1264 984 1417 1044 effeci,
1455 983 1663 1046 ut.quod
1688 981 1968 1040 Christianis

472 1067 607 1117 orbis
632 1067 907 1131 Imperator
930 1067 1034 1115 iure
1062 1082 1150 1115 suo
1177 1067 1424 1130 armisque
1449 1071 1674 1129 repetere
1698 1070 1882 1130 posset,
1906 1065 1958 1114 id

470 1154 645 1214 sponte
659 1149 799 1198 nobis
814 1150 1096 1210 remitteret,
1111 1150 1415 1212 liberamque
1427 1149 1728 1212 provinciam
1741 1152 1960 1204 nostram

469 1232 672 1296 reliquis
698 1230 889 1298 imperii
932 1232 1161 1280 membris
1199 1230 1471 1280 associaret
1507 1245 1567 1279 ac
1603 1235 1959 1291 annumeraret,

469 1316 788 1379 omnibusque
815 1315 1080 1380 praesidiis
1108 1330 1165 1363 ac
1192 1314 1497 1363 liberalitate
1523 1318 1693 1363 contra
1705 1313 1960 1378 professos
2005 1305 2009 1310 “

470 1396 859 1448 Christianorum
898 1399 1069 1448 hostes
1108 1397 1403 1446 defenderet.
1457 1395 1599 1455 Quod
1636 1396 1738 1445 eius
1777 1395 1957 1445 benefi-

470 1481 608 1541 cium,
634 1488 687 1531 ut
711 1498 805 1545 ego
832 1497 1022 1545 quoque
1049 1496 1144 1544 qua
1166 1495 1364 1544 possem
1381 1480 1513 1542 grati
1538 1479 1685 1528 animi
1710 1479 1959 1542 significae-

467 1566 599 1615 tione
626 1565 941 1626 declararem,
979 1565 1142 1613 multis
1180 1579 1299 1613 sane
1338 1562 1672 1626 gravibusque
1709 1555 1769 1610 de
1796 1555 1961 1612 causis

391 1689 395 1695 .
469 1649 619 1698 statui
643 1650 863 1712 regimen
888 1649 1031 1710 huius
1068 1647 1350 1713 provinciae
1387 1647 1689 1709 resignatum
1726 1645 1787 1694 de
1812 1658 1960 1698 mam

469 1732 611 1801 quasi
633 1732 684 1782 in
707 1735 900 1800 manum
926 1732 1030 1781 eius
1056 1731 1336 1780 attribuere.
1388 1729 1636 1792 Principio
1669 1729 1796 1777 enim
1821 1722 1958 1778 scit&

468 1802 544 1864 me
582 1815 813 1864 divinitus
849 1811 1013 1879 (credo
1041 1813 1234 1877 quidem
1271 1813 1333 1860 ob
1372 1811 1661 1876 multiplicia
1699 1825 1808 1860 mea
1845 1808 1969 1875 pec?

469 1893 598 1960 cata)
625 1898 695 1946 ita
721 1912 833 1946 esse
859 1896 1069 1945 orbitate
1094 1896 1326 1960 punitum,
1351 1899 1405 1943 ut
1430 1908 1523 1957 ego
1548 1893 1710 1942 nullos
1730 1893 1954 1952 habeam,

468 1979 714 2042 possimve
754 1994 957 2043 sperare
995 1978 1189 2042 imperii
1225 1977 1480 2026 haeredes.
1532 1975 1673 2036 Quod
1712 1989 1856 2038 quum
1886 1966 1963 2022 ita'

468 2062 546 2122 sit,
572 2062 795 2125 equidem
820 2062 986 2110 multis
1024 2061 1179 2109 modis
1218 2061 1363 2122 longe
1390 2045 1658 2107 consultius
1696 2058 1803 2105 fore
1838 2055 1978 2105 111111->

470 2145 603 2203 cavi,
632 2145 675 2193 si
712 2160 788 2193 me
815 2145 927 2193 vivo
967 2160 1075 2193 eum
1113 2143 1234 2192 mihi·
1268 2143 1580 2204 designarem
1606 2152 1956 2212 successorem,

469 2228 552 2291 qui
589 2228 751 2277 omnia
786 2233 955 2277 vestra
991 2227 1278 2292 privilegia,
1317 2226 1628 2286 donationeS,
1665 2228 1811 2287 pacta
1849 2236 1958 2270 con-

469 2316 630 2371 venta,
680 2311 788 2359 iura
832 2311 1039 2373 denique
1089 2311 1251 2358 omnia
1300 2309 1538 2370 religiosa
1587 2304 1956 2355 asseveratione

471 2394 738 2457 sponderet
764 2408 818 2441 se
844 2394 1248 2452 confirmaturum,
1277 2407 1422 2454 quam
1447 2406 1523 2439 me
1548 2389 1667 2438 fatis
1692 2388 1822 2454 forte
1843 2386 1956 2436 sub-

469 2477 571 2525 lato
610 2476 670 2524 de
695 2476 1013 2540 possessione
1039 2475 1201 2537 Regni
1226 2479 1418 2527 mutuae
1446 2473 1775 2522 excitarentur
1800 2468 1956 2532 digla-

471 2558 728 2608 diationes.
757 2544 884 2618 Quid
911 2558 1038 2606 enim
1058 2572 1115 2606 60
1141 2556 1479 2621 perniciosius,
1520 2560 1569 2603 et
1593 2554 1682 2603 toti
1708 2551 1821 2602 huic
1844 2565 1955 2616 pro-

469 2629 658 2690 vinciae
698 2641 976 2690 damnosius
1017 2641 1291 2702 excogitari
1325 2644 1519 2704 posset:
1572 2637 1715 2702 quam
1753 2641 1807 2685 ut
1841 2631 1956 2699 post

467 2724 572 2773 fata
595 2721 718 2786 mea,
745 2724 914 2773 variae
941 2723 999 2772 de
1024 2723 1301 2788 principatu
1315 2721 1658 2771 altercationes
1681 2718 1956 2768 suboriren-

472 2807 563 2868 tur,
589 2807 747 2871 iisque
771 2807 842 2856 ita
868 2807 1064 2856 ordines
1092 2821 1258 2856 omnes
1285 2806 1713 2872 labefactarentur,
1751 2806 1805 2850 ut
1827 2801 1955 2849 inter

471 2890 687 2954 reliquos
713 2890 967 2952 litigantes
1006 2889 1136 2939 haud
1174 2889 1434 2938 difficulter
1462 2889 1657 2937 Turcae
1693 2884 1818 2934 tanti
1855 2899 1954 2933 mo-

470 2973 618 3022 menti
643 2972 943 3036 provinciam
969 2988 1210 3036 occupare
1238 2977 1465 3034 possent3
1497 2969 1623 3033 quod
1650 2983 1710 3016 ne
1727 2967 1879 3028 fieret,
1907 2971 1955 3014 et
