2112 3288
428 183 546 226 LXX
944 189 1078 222 Dncsl
1099 177 1239 221 alnos
1259 177 1404 220 frema

430 304 594 353 multis
621 303 866 368 expensis,
894 317 1099 366 papyro,
1139 300 1345 362 calamo,
1373 305 1657 362 atramentO,
1685 306 1735 351 et
1760 301 1928 351 nescio

430 387 606 452 quibus
634 387 746 436 aliis
768 385 1117 452 multiplicibus
1144 384 1482 433 instrumentis
1509 400 1633 450 opus
1653 386 1890 435 habemus
1920 403 1929 432 :

430 471 524 520 has
550 486 666 520 vero
694 475 892 520 nostras
943 469 1115 518 literas
1141 468 1387 528 facillime,
1413 469 1804 534 brevissimoque
1817 472 1934 518 tem-

431 552 553 619 po‘re
570 553 812 618 quispiam
826 553 1085 601 addiscere
1111 556 1289 616 potest,
1317 566 1501 615 easque
1516 551 1623 601 sine
1648 552 1761 602 ullis
1776 551 1935 612 libris,

434 638 650 699 calamis,
679 641 965 696 atramento,
992 651 1199 700 papyr0,
1238 636 1318 683 vel
1343 634 1493 697 lignis
1518 635 1675 684 instar
1703 633 1938 699 Scytalae

436 721 900 780 Lacedaemonicae,
927 718 1007 768 vel
1035 719 1148 768 aliis
1166 718 1421 782 quibusvis
1449 719 1668 768 materiis
1695 718 1831 769 nullo
1857 733 1939 767 ne-

436 806 572 870 gotio
611 805 897 854 inscribere.
951 802 1281 864 Quamobrem
1318 802 1544 867 equidem
1584 802 1762 865 dignas
1789 803 1940 852 hasce

438 889 612 938 literas
639 903 750 938 esse
775 888 952 945 iudico,
1005 901 1130 950 quae
1162 902 1258 936 non
1285 886 1441 935 solum
1469 886 1519 935 in
1544 886 1767 936 omnibus
1795 884 1938 935 scho-

438 972 504 1021 lis
529 972 696 1035 pueris
740 976 1076 1037 proponantur
1115 974 1164 1019 et
1189 970 1502 1032 instillentur,
1528 970 1618 1019 sed
1644 970 1790 1020 etiam
1818 984 1941 1034 quas

442 1056 651 1105 omnium
691 1055 912 1104 ordinum
950 1058 1195 1102 nostrates
1234 1053 1470 1113 homines,
1514 1053 1669 1118 pueri,
1720 1053 1939 1110 iuveneS,

444 1154 602 1200 senes,
654 1138 762 1198 viri,
813 1137 1069 1197 mulieres,
1138 1136 1332 1186 nobiles
1382 1152 1442 1186 ac
1486 1138 1670 1198 rustici,
1722 1137 1940 1187 breviter

446 1238 629 1285 omnes,
669 1223 751 1286 qui
790 1223 1025 1285 Vngaros
1064 1236 1119 1270 se
1156 1221 1409 1270 nominare
1446 1222 1631 1281 volunt,
1671 1221 1943 1270 addiscant.

584 1305 756 1354 Laudo
783 1320 876 1367 ego
904 1304 1210 1368 propositum
1237 1304 1411 1365 Tuum,
1439 1304 1570 1367 quod
1582 1304 1707 1353 haec
1719 1304 1946 1367 Linguae

446 1390 710 1454 Scythicae
736 1387 1033 1437 Rudimenta
1072 1386 1349 1451 collegeris,
1377 1390 1426 1435 et
1452 1386 1643 1437 discere
1668 1386 1946 1437 volentibus

446 1472 805 1523 communicare
855 1470 1086 1521 volueris.
1140 1470 1252 1520 Etsi
1303 1469 1431 1519 enim
1477 1470 1710 1520 breviora
1747 1475 1861 1521 sunt
1899 1476 1948 1520 et

448 1558 662 1618 rudiora,
693 1571 838 1620 quam
863 1556 992 1605 forte
1020 1554 1129 1619 quis
1162 1554 1482 1622 desideraret,
1509 1560 1672 1604 tamen
1697 1569 1796 1604 non
1823 1554 1946 1603 diffi-

448 1628 526 1701 de,
554 1640 669 1707 quin
715 1639 799 1688 alii
838 1653 1031 1702 quoque
1079 1637 1405 1702 reperiantur,
1453 1638 1535 1701 qui
1574 1638 1669 1687 hoc
1707 1638 1947 1703 exemplo,

447 1726 571 1773 haec
595 1722 795 1784 linguae
833 1726 1033 1771 nostrae
1071 1726 1342 1786 praecepta
1380 1721 1679 1786 amplificare
1725 1726 1775 1771 et
1800 1737 1944 1771 exac-

446 1808 544 1857 tius
570 1806 769 1855 tradere
820 1805 989 1854 velint.
1030 1806 1180 1854 Ianus
1218 1805 1301 1854 ille
1339 1804 1623 1855 Pannonius
1660 1805 1942 1871 Episcopus

450 1891 676 1954 Quinque
702 1889 1052 1949 Ecclesiensis,
1091 1894 1369 1939 nostrorum
1407 1895 1663 1955 poetarum
1690 1889 1949 1939 celeberri-

451 1992 557 2027 mus
585 1993 691 2026 cum
717 1982 856 2026 tanta
884 1976 1106 2025 doctrina
1127 1981 1176 2025 et
1191 1975 1456 2025 autoritate
1482 1975 1736 2038 praeditus
1760 1975 1953 2034 fuisset,

451 2067 616 2110 tamen
640 2077 738 2110 non
765 2061 959 2110 erubuit
985 2059 1287 2121 Vngaricam
1326 2056 1712 2109 Grammaticam
1738 2058 1950 2109 conscri-

455 2147 598 2208 bere;
652 2161 797 2209 quam
830 2145 873 2193 si
911 2145 1147 2194 maiorum
1197 2148 1475 2193 nostrorum
1513 2144 1819 2208 negligentia
1856 2157 1953 2192 non

454 2230 804 2290 amisissemUS,
855 2229 1151 2278 haberemus
1203 2232 1348 2288 certe,
1401 2243 1495 2291 quo
1533 2228 1582 2276 in
1619 2227 1714 2276 hoc
1764 2242 1955 2290 quoque

456 2313 605 2362 studii
631 2328 813 2375 genere
838 2313 1178 2375 gloriaremur.
1221 2313 1363 2362 Nunc
1395 2327 1501 2360 cum
1526 2312 1613 2360 illa
1637 2309 1955 2371 interciderit,

456 2403 505 2447 et
543 2396 624 2444 Tu
666 2401 801 2444 recte
839 2396 990 2454 facis,
1044 2395 1126 2459 qui
1163 2400 1366 2443 nostrae
1419 2392 1598 2443 Gentis
1625 2394 1956 2443 Literaturam

456 2483 518 2531 ab
546 2480 795 2530 oblivione
835 2480 1087 2528 vindicare
1126 2479 1322 2541 studes3
1364 2482 1413 2526 et
1449 2477 1561 2539 alii,
1602 2477 1685 2542 qui
1723 2477 1950 2527 maximis

457 2566 619 2615 forent
658 2560 1083 2626 digni'laudibusi,
1123 2562 1166 2611 si
1206 2560 1510 2625 Vngaricam
1556 2558 1955 2620 Grammaticam,

458 2644 830 2712 nativorumque
870 2646 1217 2696 vocabulorum
1243 2651 1292 2695 et
1326 2644 1699 2710 proverbiorum
1737 2645 1955 2710 origines

466 2733 528 2782 ad
554 2732 912 2798 praescriptum
939 2731 1060 2780 artis
1087 2729 1424 2779 elaborarent.

515 2823 517 2827 “
604 2817 672 2865 At
712 2816 754 2864 si
794 2815 891 2863 iam
938 2829 1045 2863 cum
1099 2810 1308 2862 Graecis
1359 2812 1641 2877 primariam
1679 2827 1860 2876 magna
1897 2827 1958 2861 ex

461 2906 603 2966 parte
642 2900 892 2951 amisimus
929 2898 1221 2963 potentiam,
1260 2903 1308 2946 et
1352 2894 1420 2961 (ni
1446 2898 1585 2947 Deus
1622 2912 1711 2961 pro
1749 2911 1840 2945 sua
1865 2896 1959 2944 cle-

462 2984 642 3034 mentia
691 2979 1001 3047 averruncet)
1040 2979 1268 3031 amissuri
1316 2984 1468 3030 totam
1506 2980 1752 3037 videmur:
1783 2979 1958 3036 saltem
