2112 3288
610 177 675 209 DE
714 175 822 209 REB.
856 174 970 208 VNG.
999 175 1109 207 Duo.
1135 175 1182 207 x.
1208 175 1252 208 12.
1279 175 1342 207 VI.
1639 159 1737 208 121

230 300 320 357 set,
347 310 501 359 agere
526 293 792 353 videretur,
820 295 1114 357 conventum
1140 289 1311 338 indicit
1344 290 1741 350 Albam-Iuliam,

228 395 326 429 11011
350 379 649 444 generalem,
676 391 836 440 neque
864 375 1012 428 solito
1052 374 1196 424 modo
1235 374 1513 439 partialem,
1555 374 1646 422 sed
1671 377 1742 422 ta-

227 465 338 524 lem,
364 462 414 512 111
439 461 817 527 quoduodecim
843 459 1132 520 consiliarii,
1175 459 1380 508 comites
1421 459 1552 519 item,
1582 464 1631 507 et
1656 459 1743 506 ba-

228 563 377 599 rones
411 532 519 598 fere
559 562 744 607 omnes,
785 550 833 595 et
857 545 974 594 ·viri
1014 544 1203 609 aliquot
1245 544 1469 593 illustres
1496 544 1746 593 adessent·

230 632 356 692 Illis,
381 632 468 682 ubi
492 631 591 681 iam
618 629 987 690 convenissent,
1012 645 1102 694 per
1118 628 1472 692 Volffgangum
1498 627 1748 677 Kovacio-

231 714 374 777 cium,
411 715 674 764 hominem·
694 713 1003 778 prudentem,
1045 713 1234 778 pariter
1273 728 1331 761 ac
1371 712 1631 778 sapientia,
1671 711 1748 759 fa-

183 848 186 851 .
228 799 501 864 oundiaque
539 798 860 862 singulariter
914 796 1254 857 excellentem,
1304 797 1402 846 tria
1441 795 1749 861 potissimum

233 883 609 934 deliberationis
636 883 802 947 capita
827 881 1080 947 proponit:
1108 879 1269 945 quoin
1284 885 1434 944 statu,
1450 881 1745 944 cardineque

227 968 512 1034 respublica
562 972 872 1031 versaretur;
909 967 1028 1031 quid
1066 967 1310 1032 propositi
1338 966 1553 1017 Sinanus
1588 966 1648 1015 de
1671 980 1749 1015 oc·

231 1051 462 1118 cupanda
500 1052 763 1118 provincia
802 1052 1038 1114 haberet3
1065 1056 1318 1116 postremo
1359 1051 1476 1116 quid
1515 1049 1748 1100 Pontifex

227 1137 497 1199 RomanuS,
519 1137 740 1186 Mathias
767 1136 1039 1196 Archidux,
1069 1143 1118 1186 et
1146 1136 1391 1186 Proceres
1418 1134 1676 1199 Vngariae
1721 1150 1751 1182 a

227 1219 473 1285 Principe,
498 1225 647 1284 atque
674 1220 800 1269 adeo
826 1221 890 1269 ab
916 1220 1040 1284 ipsis
1069 1219 1437 1285 Transylvanis
1477 1217 1748 1284 postulent-

230 1305 547 1370 Responsum
574 1309 651 1354 est
678 1321 708 1354 a
734 1304 942 1354 consilio
970 1304 1205 1370 Principi,
1243 1305 1372 1354 hanc
1410 1319 1528 1364 rem,
1556 1302 1617 1352 de
1644 1317 1742 1367 qua

229 1389 580 1439 consulendum
606 1388 751 1451 foret,
779 1389 1009 1455 quoniam
1048 1390 1173 1439 tanti
1212 1394 1350 1439 esset
1387 1387 1634 1450 momenti,
1661 1402 1744 1436 ne-

226 1469 678 1538 quaquamstatim
707 1474 1027 1524 decidendam
1056 1489 1183 1535 esse,
1224 1474 1315 1524 sed
1339 1471 1748 1535 interponendum

235 1557 423 1622 aliquid
448 1558 611 1623 spatii,
640 1574 735 1622 quo
764 1559 1051 1622 diligentius
1092 1559 1152 1607 de
1193 1574 1267 1618 ea,
1294 1559 1342 1619 ii,
1371 1573 1576 1622 quorum
1601 1557 1749 1605 inter-

235 1646 386 1703 esset,
413 1642 707 1705 cogitarent.
736 1643 864 1692 Nam
892 1648 941 1692 et
965 1643 1255 1707 priusquam
1269 1642 1481 1707 incipias
1508 1641 1751 1701 consultO,

237 1723 295 1777 et*
307 1726 393 1775 ubi
419 1726 742 1789 consulueris,
769 1731 960 1776 mature
985 1728 1118 1776 facto
1147 1735 1272 1791 opus
1310 1741 1436 1783 esse,
1477 1725 1752 1775 deliberan-

237 1810 448 1875 dumquc
474 1810 570 1873 din,
599 1812 731 1876 quod
759 1811 914 1862 semel
943 1812 1095 1862 statui
1123 1810 1316 1862 debeat.
1344 1811 1468 1860 Post
1494 1812 1646 1860 multa
1659 1809 1750 1873 igi-

233 1899 316 1945 tur
338 1909 598 1960 procerum
627 1896 893 1961 colloquia,
922 1902 972 1947 et
996 1897 1195 1947 habitos
1222 1897 1351 1946 ultro
1392 1897 1616 1959 citroque
1644 1910 1748 1944 ser-

236 1994 421 2040 mones,
461 1978 758 2032 deliberatio
797 1982 999 2031 tandcm
1040 1981 1196 2030 dilata
1242 1985 1320 2030 est
1358 1980 1422 2029 ad
1460 1983 1750 2029 conventum

175 2125 181 2128 ,
237 2063 539 2127 generalem,
567 2080 713 2130 quem
740 2065 922 2116 Albam
960 2066 1139 2116 iterum
1164 2066 1341 2116 Iuliam
1370 2065 1546 2128 co'efgit.

691 2331 926 2382 CAPVT
967 2326 1307 2410 vaTVM.

239 2454 315 2502 De
367 2456 585 2504 oratione
633 2455 883 2519 Principis
925 2453 1232 2521 &gismundi
1282 2454 1350 2502 ad
1396 2452 1749 2513 Provio‘zcz’czleS,

597 2556 857 2604 eorumque
895 2541 962 2589 ad
998 2557 1103 2589 eam
1127 2540 1388 2603 responsio.

385 2656 657 2722 Postquam
683 2661 836 2724 igitur
863 2659 1027 2710 Albae
1054 2660 1118 2710 ad
1143 2660 1491 2725 praestitutum
1506 2658 1633 2707 diem
1648 2662 1753 2706 tota

241 2739 395 2789 fer-me
416 2741 652 2791 nobilitas
681 2744 810 2807 coiit,
838 2744 1081 2810 Princeps
1120 2759 1219 2794 non
1258 2744 1308 2793 in
1336 2758 1523 2794 summo
1550 2742 1751 2807 templo,

244 2824 374 2890 quod
398 2825 482 2886 ibi,
509 2826 742 2877 Michaeli
768 2827 1088 2894 Archangelo
1117 2844 1325 2889 sacrum,
1366 2845 1396 2877 a
1422 2830 1606 2876 Ioanne
1633 2823 1754 2875 Cor-

242 2909 358 2958 vino
384 2909 477 2958 fuit
501 2910 823 2973 aedificatum,
853 2929 948 2979 quo
974 2915 1024 2963 in
1051 2915 1160 2964 loco
1189 2918 1336 2962 antea
1375 2911 1613 2975 generale
1640 2926 1751 2959 con-

242 2993 405 3044 silium
431 2992 607 3045 haberi
633 3003 973 3061 consueverat,
1003 3000 1092 3049 sed
1117 2999 1167 3047 in
1194 2998 1306 3063 ipsa
1332 2997 1447 3046 aula
1475 2996 1629 3047 voluit
1643 3010 1751 3046 con-
1808 2979 1818 2988 ’
