2112 3288
562 164 627 196 DE
654 165 761 197 nnn.
791 164 903 195 vno.
932 163 1042 195 nno.
1072 164 1118 195 x.
1148 164 1193 196 L.
1220 164 1282 195 VI.
1603 145 1703 198 119

197 297 414 347 unquam
440 297 596 348 usque
630 281 826 338 fuerint,
868 279 974 327 sine
1013 280 1356 327 controversia
1394 285 1709 342 superarunt„

194 368 352 417 Tales
400 371 514 416 sunt
573 363 878 422 adversarii,
944 363 1073 412 tales
1125 363 1295 411 hostes
1348 363 1520 422 nostri,
1572 378 1697 427 quos

198 449 498 519 Christiani,
549 448 662 497 dum
688 447 817 495 inter
844 461 899 494 se
939 445 1289 509 digladiantur,
1328 446 1380 494 in·
1418 446 1557 496 sinus
1585 461 1703 495 suos

194 533 459 599 excipiunt,
486 531 622 582 etad
646 530 889 596 petendas
917 530 1137 581 cervices
1175 529 1446 580 admittunt.

627 794 864 845 GAPVT
905 794 1270 856 QVARTVM.

271 917 383 981 Qua
410 918 596 967 ratione
635 927 678 966 et
702 933 796 981 quo
816 925 963 981 pacto
1000 916 1326 982 Transsqlvani
1359 935 1390 965 a
1421 916 1465 963 T
1464 921 1628 965 urcico

672 1001 884 1065 Imperio
917 1001 1220 1050 desciverint.

336 1122 435 1172 Sed
458 1127 511 1172 ut
538 1122 636 1171 iam
663 1122 728 1172 ad
754 1121 935 1170 seriem
961 1121 1119 1185 ipsius
1155 1121 1397 1170 historiae
1424 1122 1700 1182 redeamus,

189 1209 444 1259 dicendum
469 1208 710 1273 imprimis
738 1207 954 1267 videtur,
978 1221 1125 1270 quam
1159 1207 1222 1255 ob
1252 1222 1468 1267 causam,
1509 1213 1559 1257 et
1585 1223 1700 1271 quo·

188 1293 334 1344 modo
361 1293 701 1359 Transylvani
727 1309 758 1341 a
784 1291 999 1341 Turcico
1027 1291 1241 1355 Imperio
1269 1292 1361 1340 sub
1389 1292 1527 1340 0111118
1543 1292 1701 1342 tutela

190 1383 422 1445 pacatum
471 1378 821 1441 regni‘statum
845 1377 1002 1425 XXX
1029 1375 1226 1424 circiter
1253 1376 1396 1425 annis
1423 1381 1697 1426 tenuerunt=

188 1461 503 1523 desciverint,
531 1466 580 1510 et
604 1461 920 1519 Moldaviam,
947 1460 1086 1510 iuxta
1121 1476 1182 1509 ac
1207 1460 1608 1526 Transalpinam,
1637 1463 1700 1510 ab

188 1546 469 1598 obedientia
496 1545 713 1595 Turcica
739 1545 1053 1594 abduxerint.
1104 1545 1264 1608 Igitur
1302 1550 1566 1609 postquam
1601 1543 1699 1594 Gre-

186 1630 358 1695 orgius
383 1630 683 1690 Ravazdius,
733 1629 815 1694 qui
855 1628 1105 1698 Principis
1134 1631 1474 1694 Transylvani
1505 1630 1699 1680 nomine

186 1714 666 1780 Constantinopolim
692 1715 943 1780 profectus
971 1715 1145 1776 fuerat,
1171 1715 1368 1764 tandem
1394 1715 1508 1764 inde
1534 1732 1699 1765 rever-

181 1815 282 1859 sus,
321 1805 371 1850 et
406 1798 652 1864 Alibegus
692 1799 899 1848 eundem
937 1800 1259 1860 subsecutus,
1319 1800 1389 1848 uti
1427 1814 1580 1865 supra
1619 1800 1698 1849 de-

184 1889 507 1934 monstratum
533 1889 622 1944 est,
650 1884 854 1949 copiosa
881 1883 1106 1933 oratione
1132 1882 1366 1950 Principi,
1408 1888 1557 1949 atque
1585 1901 1699 1935 con-

183 1969 389 2020 siliariis
415 1968 781 2034 exposuissent,
811 1983 982 2018 omnes
1011 1967 1183 2018 Sinani
1211 1974 1417 2019 conatus
1463 1970 1527 2019 ad
1565 1970 1695 2019 dele-

182 2053 365 2104 tionem
391 2054 853 2118 Transylvanorum
879 2054 1079 2114 intendi,
1107 2053 1334 2118 idemque
1361 2055 1699 2104 Barbarorum

181 2137 417 2199 nonnulli,
456 2152 580 2202 quos
619 2152 680 2186 ex
714 2137 891 2186 animis
915 2136 1091 2203 fideles
1117 2138 1215 2186 iam
1240 2138 1431 2202 pridem
1459 2139 1701 2204 Transyl-

181 2222 325 2272 vanis
349 2221 507 2271 fuisse
552 2221 720 2274 multis
747 2222 1053 2285 argumentis
1077 2222 1325 2285 cognitum
1352 2228 1498 2272 antea
1526 2238 1698 2288 saepe-

182 2321 385 2357 numero
423 2306 529 2368 fuit,
568 2306 728 2356 literis
767 2307 1101 2357 occultissime
1140 2308 1283 2368 datis,
1325 2308 1389 2357 ad
1416 2307 1698 2373 Principem

180 2390 541 2441 instantissime
566 2391 969 2442 confirmassent:
997 2408 1054 2441 re
1081 2407 1246 2442 secum
1275 2392 1369 2453 diu,
1398 2392 1699 2456 multumque

183 2475 474 2538 deliberata,
498 2490 605 2525 cum
633 2480 683 2525 et
710 2491 864 2537 suum,
894 2482 944 2526 et
968 2478 1164 2542 patriae
1189 2477 1462 2542 periculum
1488 2493 1612 2542 prae
1625 2478 1696 2526 fo-

184 2559 323 2609 ribus
349 2559 529 2609 adesse
555 2559 761 2622 videret,
801 2562 964 2626 coepit
994 2562 1194 2611 tandem
1233 2561 1475 2626 Princeps
1515 2577 1545 2610 a
1570 2562 1698 2610 Tur-

183 2644 289 2694 cico
314 2644 518 2695 foedere
542 2646 703 2710 magis
742 2651 892 2711 atque
918 2647 1079 2711 magis
1107 2647 1300 2696 alienus
1328 2661 1453 2695 0880.
1494 2645 1553 2694 Id
1580 2661 1687 2693 cum

181 2727 258 2790 iis,
297 2743 421 2793 quos
461 2730 525 2779 ob
565 2730 869 2794 singularem
906 2732 1231 2796 prudentiam,
1267 2748 1326 2781 ac
1353 2746 1515 2779 rerum
1551 2744 1697 2793 expe-

180 2813 405 2864 rientiam
433 2830 464 2863 a
489 2815 710 2864 consiliis
735 2816 970 2876 habebat,
998 2817 1118 2866 data
1144 2816 1405 2865 occasione
1443 2813 1696 2876 exposuis-

186 2902 277 2958 set,
304 2902 356 2947 et
381 2897 498 2961 quid
523 2898 574 2946 in
599 2903 736 2949 tanto
762 2916 925 2950 rerum
954 2900 1234 2949 discrimine
1273 2900 1371 2947 iam
1410 2899 1542 2947 facto
1570 2911 1694 2962 opus

181 2986 330 3042 esset,
358 2996 466 3032 cum
492 2981 668 3031 iisdem
697 2998 849 3051 saepe
889 2989 988 3034 tam
1027 2982 1272 3050 privatim,
1314 2997 1459 3047 quam
1498 2981 1695 3051 publice
