2112 3288
430 216 611 261 LXVIII
946 228 1078 259 Deest
1099 217 1239 260 amos
1262 215 1408 259 ammi

430 342 529 402 get.
567 338 831 403 Legyetek
857 339 1208 401 egeszsegben.
1239 338 1419 386 Datum
1448 337 1524 385 die
1560 337 1677 385 Divi
1710 333 1929 384 Michae-

431 421 493 470 lis
521 420 826 485 Archangeli
859 425 954 470 159
966 425 1009 468 5.

1123 715 1240 766 VII.

748 856 1025 900 EPISTOLA
1048 856 1126 898 AD
1163 855 1235 898 IO.
1263 854 1614 898 TELEGDIVM.

481 989 683 1038 Ioannes
709 989 886 1037 Decius
911 989 1146 1037 Barovius
1171 950 1346 1037 Ioanni
1390 987 1602 1052 Teleydz'o
1653 982 1700 1034 S.
1726 985 1784 1034 P.
1812 985 1879 1035 D.

576 1093 699 1144 Cum
724 1111 878 1160 nuper
916 1096 1033 1144 mihi
1071 1096 1400 1144 Literaturam
1439 1091 1925 1158 Hunno-Scythicam

433 1178 757 1238 exhibuisses,
784 1185 832 1227 et
857 1195 920 1227 an
946 1179 1142 1241 dignam
1167 1179 1495 1243 publicatione
1523 1194 1629 1227 eam
1657 1178 1925 1227 iudicarem

431 1261 810 1324 interrogasses,
837 1278 934 1312 non
962 1262 1119 1311 solum
1145 1262 1379 1310 honestos
1407 1262 1547 1309 Tuos
1575 1261 1669 1309 hac
1694 1261 1744 1309 in
1772 1276 1826 1309 re
1852 1275 1930 1308 co-

433 1349 579 1393 natus
616 1345 828 1405 laudavi,
869 1345 1143 1394 sedetiam
1181 1350 1234 1393 ut
1270 1344 1428 1408 primo
1471 1358 1663 1407 quoque
1712 1348 1935 1407 tempore

433 1430 792 1492 promulgarem,
821 1434 869 1478 et
894 1429 1069 1477 author
1096 1433 1145 1477 et
1172 1428 1364 1477 adiutor
1390 1427 1474 1476 fui.

575 1512 688 1560 Etsi
714 1512 841 1561 enim
878 1527 974 1560 non
1013 1512 1193 1571 dubito,
1235 1511 1351 1575 quin
1393 1510 1628 1559 ludicrum
1657 1515 1705 1559 et
1743 1508 1930 1574 puerile

434 1593 657 1643 videatur
682 1611 778 1643 non
804 1595 989 1659 paucis,
1027 1583 1220 1657 tempus
1247 1594 1294 1642 in
1323 1594 1458 1643 hisce
1496 1594 1680 1642 Literis
1719 1593 1799 1641 vel
1823 1608 1934 1657 pro-

433 1678 694 1742 pagandis,
721 1680 800 1727 vel
839 1679 986 1727 etiam
1026 1678 1271 1727 discendis
1311 1693 1622 1748 consumere:
1650 1682 1810 1726 tamen
1839 1691 1932 1739 ego

433 1777 637 1824 prorsus
671 1752 916 1811 diversum
955 1763 1127 1822 senti0,
1167 1777 1366 1825 remque
1395 1761 1592 1824 dignam
1619 1775 1732 1809 esse
1758 1759 1931 1819 iudicO‚

435 1861 559 1908 quae
585 1860 680 1894 non
707 1846 863 1894 solum
883 1850 1081 1894 nostrae
1103 1846 1252 1909 genti,
1280 1845 1369 1894 sed
1396 1846 1540 1894 etiam
1568 1845 1751 1894 exteris
1778 1844 1933 1893 natio-

433 1929 577 1977 nibus
604 1929 893 1978 innotescat.
934 1929 1148 1978 Primum
1188 1929 1329 1989 enim,
1367 1930 1410 1977 si
1447 1929 1575 1978 aliae
1615 1943 1783 1977 omnes
1821 1942 1931 1976 con-

432 2012 653 2061 iecturae
702 2028 795 2061 nos
846 2013 1123 2073 deficerent,
1175 2029 1235 2061 ex
1273 2013 1351 2061 his
1389 2017 1550 2061 tamen
1601 2010 1723 2060 solis
1772 2011 1932 2060 literis

435 2102 568 2144 certo
607 2095 844 2158 colligere
883 2111 1171 2160 possumus,
1225 2094 1440 2144 Gentem
1478 2095 1782 2158 Vngaricam
1821 2109 1954 2161 esse-

433 2179 581 2240 longe
619 2179 1034 2241 antiquissimam,
1063 2184 1110 2227 et
1148 2180 1211 2227 ab
1252 2178 1572 2228 orientalibus
1610 2178 1711 2226 illis
1749 2177 1932 2226 Asiati-

434 2262 601 2324 cisque
628 2263 827 2326 Scythis
854 2263 1122 2323 oriundam,
1151 2280 1181 2311 a
1208 2264 1384 2326 quibus
1411 2262 1607 2327 Cyrum,
1636 2262 1857 2321 Darium,
1884 2265 1932 2309 et

362 2354 365 2358 “
435 2344 560 2392 alios
585 2345 949 2407 potentissimos
975 2346 1275 2394 Monarchas
1303 2345 1523 2393 devictos
1550 2343 1774 2406 legimus.
1802 2343 1929 2392 Nam

434 2427 559 2475 sicut
586 2427 819 2486 Hebraei,
849 2427 978 2493 Syri,
1007 2427 1260 2487 Chaldaei,
1302 2427 1511 2488 Arabes,
1555 2426 1764 2486 Turcae,
1804 2430 1935 2475 cete-⁷

433 2510 571 2573 rique
621 2511 888 2564 orientales
940 2529 969 2560 a
1008 2503 1183 2560 dextra
1234 2511 1485 2560 sinistram
1535 2525 1709 2559 versus
1761 2516 1934 2561 contra,

435 2592 737 2647 Graecorum
777 2594 1160 2658 Latinorumque
1198 2610 1381 2645 morem
1413 2598 1621 2643 exarant
1659 2610 1775 2643 suas
1801 2594 1931 2642 Lite-

432 2692 545 2740 ras3
596 2676 666 2725 ita
692 2677 840 2725 etiam
878 2678 1002 2725 haec
1040 2683 1211 2727 nostra
1260 2677 1519 2726 Elementa
1558 2677 1703 2725 simili
1742 2677 1936 2726 ratione-

433 2747 725 2824 scissibuntur.
778 2759 835 2807 ld
861 2761 990 2822 quod
1029 2761 1108 2808 vel
1135 2777 1195 2809 ex
1223 2776 1279 2809 eo
1306 2766 1456 2825 patet,
1497 2760 1626 2824 quod
1651 2775 1747 2809 non
1772 2761 1934 2809 solum>

433 2858 733 2891 communem
759 2843 1124 2906 pronunciandi,
1165 2849 1311 2907 atque
1338 2844 1599 2905 scribendi,
1633 2843 1929 2893 inflectendi-

436 2940 528 2988 que
544 2941 652 2974 cum
682 2926 929 2975 Hebraeis
956 2928 1211 2976 vocabulis
1238 2928 1474 2977 rationem
1490 2933 1662 2977 nostra
1687 2927 1926 2976 habeant:

434 3010 522 3055 sed
549 3011 694 3058 etiam
724 3015 959 3060 sexcenta
986 3016 1034 3059 et
1072 3012 1281 3075 amplius
1315 3012 1636 3075 reperiuntur,
1676 3025 1801 3073 quae
1827 3015 1926 3059 tam
