2112 3288
470 166 572 216 284
1002 190 1065 223 10.
1094 190 1226 223 DEcn
1252 191 1446 224 nAnovn

459 302 663 352 latinum
688 312 952 355 monuerat.
1007 307 1083 355 Ea
1120 323 1173 355 re
1212 307 1406 370 cognita
1448 307 1655 358 Michael
1696 310 1941 360 dedititios

457 383 647 436 Turcas
686 394 889 454 accepta
926 405 1105 453 magna
1144 391 1379 455 pecuniae
1410 406 1596 440 summa
1645 393 1852 453 dimittit,
1891 398 1940 444 et

455 485 550 518 non
576 470 680 520 sine
706 473 878 535 grandi
918 474 1140 523 mercede
1166 475 1415 538 hybernas
1452 475 1672 525 inducias
1700 477 1937 529 Barbaris

458 555 688 605 concedit.
739 557 855 606 Mox
889 558 1022 607 nulla
1046 575 1099 607 re
1124 559 1440 620 memorabili,
1480 561 1541 608 ob
1568 575 1764 610 causam
1788 562 1936 626 paulo

455 642 568 687 ante
607 646 1039 701 commemoratam,
1079 647 1223 704 gesta
1251 641 1599 705 Tergovistum
1648 659 1701 693 se
1739 645 1936 710 recepit,

454 722 727 786 militesque
766 725 1113 774 exauthoratos
1151 726 1200 774 in
1244 726 1467 790 hyberna
1505 727 1696 776 dimisit.
1749 726 1936 778 Caesar

453 822 570 856 vero
597 807 903 858 Mahometes
930 808 1400 875 Constantinopolim
1437 827 1680 872 reversUS,
1707 817 1759 861 ut
1783 813 1935 876 negli-

451 891 665 953 gentiam
701 893 899 942 maioris
925 893 1243 943 Tartarorum
1269 893 1441 943 Chami
1480 897 1761 959 castigaret,
1799 895 1933 946 abdi-

452 980 560 1023 cato
588 976 861 1025 Kazikerei
886 978 1087 1027 fratrem
1127 978 1231 1026 eius
1270 979 1502 1027 minorem
1528 979 1818 1042 Pincionem,
1853 980 1932 1044 qui

451 1074 614 1108 secum
639 1060 702 1109 ad
730 1059 936 1123 Agriam
961 1061 1153 1110 fortiter
1178 1077 1280 1110 rem
1306 1068 1546 1124 gesserat,
1558 1064 1768 1127 Imperio
1794 1079 1932 1128 prae-

449 1143 578 1192 fecit.
605 1144 682 1192 Ea
707 1159 761 1194 re
789 1151 1053 1196 commotus
1081 1146 1370 1206 Kazikerei,
1396 1147 1644 1211 ingentem
1670 1148 1719 1196 in
1740 1149 1931 1197 Turcas

448 1227 830 1290 indignationem
858 1230 1080 1294 concipit,
1122 1245 1405 1294 omnemque
1446 1231 1518 1279 eis
1556 1231 1816 1280 amicitiam
1854 1246 1930 1280 re-

446 1311 656 1361 nunciat.
684 1312 792 1373 Quo
820 1314 1013 1377 cognito
1032 1315 1216 1364 veritus
1232 1313 1435 1375 Caesar,
1451 1331 1511 1364 ne
1526 1314 1727 1365 Tartari
1751 1315 1931 1364 bellum

448 1396 769 1447 Musulmanis
795 1398 1044 1459 inferrent,
1069 1399 1297 1447 minorem
1327 1397 1563 1448 Chamum
1602 1416 1629 1449 e
1653 1399 1810 1449 medio
1843 1399 1932 1447 tol-

447 1481 562 1538 lere,
589 1481 829 1545 huiusque
858 1487 1024 1543 morte,
1059 1483 1289 1531 amissam
1327 1483 1459 1532 illius
1497 1484 1708 1546 gratiam
1745 1484 1931 1533 recolli-

449 1579 567 1627 gere
594 1566 778 1616 statuit.
810 1566 995 1616 Habito
1021 1567 1171 1630 igitur
1186 1567 1392 1617 concilio
1406 1566 1800 1632 Purpuratorum,
1820 1567 1932 1617 Pin-

449 1648 634 1697 cionem
662 1647 1137 1715 Constantinopolim
1175 1651 1237 1700 ad
1264 1667 1318 1700 se
1344 1657 1500 1711 vocat,
1540 1658 1588 1700 et
1627 1658 1722 1701 tam
1750 1652 1934 1717 copias,

449 1747 592 1795 quam
619 1733 717 1782 alia
745 1734 807 1782 ad
833 1734 1186 1783 restitutionem
1213 1735 1315 1783 eius
1352 1735 1635 1784 necessaria
1662 1750 1715 1784 se
1742 1736 1787 1784 ei
1811 1736 1930 1785 libe-

448 1816 691 1866 ralissime
718 1818 1138 1882 suppeditaturum
1165 1817 1436 1881 pollicetur.
1466 1815 1564 1866 Sed
1590 1833 1696 1866 cum
1720 1819 1932 1868 novitius

445 1900 531 1948 ille
552 1898 767 1950 Chamus
793 1917 853 1949 ex
869 1902 1131 1950 amicorum
1161 1901 1317 1949 literis
1344 1900 1715 1964 agnovissetse,
1743 1901 1786 1948 si
1812 1899 1932 1950 Con-

447 1984 815 2049 stantinopolim
851 1986 972 2045 iret,
1014 1987 1319 2035 interfectum
1356 1986 1442 2034 iri.
1484 1999 1576 2048 quo
1626 2000 1682 2033 se
1717 1989 1932 2033 verteret

445 2069 663 2132 ignarus,
691 2069 918 2119 dubitans
946 2070 1117 2131 adhuc,
1146 2070 1340 2119 tandem
1379 2070 1442 2118 ad
1467 2067 1778 2118 Theodorum
1803 2069 1932 2118 Mos-

447 2155 645 2204 chorum
673 2155 861 2205 Ducem
901 2157 1164 2220 confugere
1217 2154 1398 2218 statuit3
1438 2169 1533 2218 quo
1559 2169 1666 2203 cum
1690 2153 1928 2217 pollicita-

444 2239 657 2287 tionibus
684 2238 816 2288 illius
842 2241 1078 2290 invitatus
1104 2244 1347 2304 pergeret,
1375 2255 1405 2287 a
1429 2239 1584 2287 fratre
1613 2238 1927 2302 interceptuS,

446 2327 592 2384 atque
619 2321 794 2385 capitis
821 2323 1059 2387 supplicio
1085 2324 1287 2371 affectus
1314 2322 1415 2370 fuit.
1443 2320 1628 2369 Eodem
1642 2321 1784 2370 modo
1810 2336 1930 2369 uxor

446 2405 564 2467 eiuS,
580 2423 606 2455 e
631 2407 784 2455 nobili
809 2406 1120 2471 Vngarorum
1142 2407 1205 2456 ad
1229 2406 1567 2456 Munkacsium
1587 2405 1928 2455 Moricziorum

446 2495 592 2554 gente
617 2496 894 2555 procreata,
926 2507 1032 2540 cum
1059 2496 1264 2554 quatuor
1297 2490 1410 2538 filiis
1427 2531 1432 2537 .
1449 2494 1496 2538 et
1524 2489 1710 2538 duabus
1736 2490 1930 2539 filiabus

390 2585 393 2589 '
444 2558 807 2639 perduellionis*
843 2575 1073 2624 damnata
1110 2579 1255 2638 atque
1289 2589 1437 2622 caesa
1484 2573 1588 2623 fuit.
1640 2572 1768 2623 Acta
1819 2578 1930 2622 sunt

445 2645 567 2709 haec
592 2659 723 2709 circa
746 2660 888 2708 finem
913 2659 1024 2708 anni
1050 2655 1151 2708 CO.
1178 2658 1263 2709 10.
1292 2656 1474 2707 XCVI.
1507 2656 1695 2706 Eadem
1725 2662 1927 2715 aestate,

444 2760 505 2792 ne
531 2748 580 2792 et
604 2736 731 2792 hanc
755 2743 979 2793 virtutem
1007 2742 1197 2805 gloriae
1221 2741 1439 2806 praemio
1467 2739 1820 2797 defraudemus,
1845 2740 1929 2790 ho-

447 2824 609 2877 rarius
637 2827 831 2891 quidam
869 2827 1135 2886 Ianizarus,
1177 2841 1282 2874 cum
1304 2825 1499 2874 natione
1525 2829 1658 2873 esset
1682 2824 1927 2887 Vngarus,

450 2912 675 2960 abiurata
703 2910 994 2960 Mahometis
1019 2910 1269 2972 religione,
1303 2910 1351 2957 in
1378 2925 1520 2972 quam
1546 2908 1929 2972 amplectendam

446 2996 650 3047 adactus
680 2996 856 3057 fuerat,
882 2995 945 3047 ad
972 2995 1346 3060 Transylvanos
1373 3009 1479 3042 cum
1505 3007 1671 3052 uxore,
1706 2992 1928 3054 cognatis
