2112 3288
406 145 474 196 24
918 163 982 196 10.
1010 162 1143 196 onon
1167 163 1362 198 BARovn

402 296 618 344 regnum,
646 281 773 344 quod
798 279 1002 344 primum
1015 281 1185 330 Ioanni
1211 281 1337 344 Regi
1359 282 1569 331 delatum
1595 283 1697 343 fuit,
1725 283 1871 332 armis

406 364 664 422 invasisse,
691 363 879 426 Regem
904 362 1038 412 illum
1063 363 1330 426 legitimum
1355 380 1506 428 regno
1533 367 1595 414 ab
1621 365 1692 414 eis
1719 365 1875 415 detur-

404 449 593 509 batum,
632 463 690 496 ac
716 464 745 496 a
771 446 1067 512 Solymanno
1092 453 1252 498 tamen
1278 449 1326 497 in
1351 449 1493 497 fidem
1519 454 1792 513 acceptum,
1830 455 1879 498 et

405 532 453 579 in
479 546 678 594 regnum
705 530 1003 591 restitutum,
1042 532 1241 581 eandem
1274 547 1464 596 semper
1490 532 1715 596 quamdiu
1739 533 1782 580 is
1810 533 1877 582 vi-

407 616 562 664 xisset
586 615 825 664 fortunam
852 618 1102 678 expertum
1124 616 1186 664 ab
1213 615 1284 664 eis
1309 615 1476 665 fuisse.
1505 614 1708 666 Sublato
1723 621 1877 666 morte

406 702 611 760 Ioanne,
652 714 853 762 regnum
878 698 927 746 in
954 714 1095 748 manu
1119 699 1290 764 pupilli
1315 700 1414 761 filii,
1443 704 1490 748 et
1516 700 1737 763 Reginae
1762 704 1879 750 mat-

406 784 474 832 ris
499 782 676 843 fuisse,
711 797 900 831 rursum
927 779 1200 832 Germanos
1226 784 1275 832 in
1301 783 1404 833 eius
1431 785 1791 849 possessionem
1813 784 1879 833 in-

406 869 628 927 volasse,
668 866 842 929 quibus
875 883 904 916 a
931 864 1224 932 Solymanno
1249 867 1430 932 pulsis,
1469 883 1573 917 cum
1610 869 1743 918 nulla
1779 869 1879 918 alia

409 953 598 1002 ratione
625 951 922 1014 conquieturi
954 952 1276 1014 crederentur,
1315 950 1578 1002 Caesarem
1603 953 1672 1002 ita
1695 952 1878 1018 pupillo

407 1036 743 1101 prospexisse,
770 1040 822 1084 ut
846 1035 1038 1098 Regina
1063 1052 1167 1085 cum
1192 1036 1292 1086 filio
1319 1037 1728 1101 Transylvaniam
1761 1037 1882 1086 obti-

408 1125 558 1180 neret,
583 1119 689 1183 ipse
715 1118 866 1178 Buda,
882 1123 930 1167 et
944 1119 1053 1167 aliis
1068 1119 1281 1168 finitimis
1307 1119 1508 1168 urbibus
1534 1120 1728 1184 potitus,
1757 1117 1880 1169 Ger-

408 1193 576 1251 manos
601 1202 651 1249 in
676 1201 835 1250 officio
863 1201 1143 1251 contineret.
1183 1202 1361 1251 Fuisse
1381 1202 1430 1250 id
1454 1203 1750 1266 aliquamdiu
1774 1203 1883 1252 usui

409 1285 681 1347 Vngariae,
709 1285 796 1334 sed
821 1284 1081 1334 identidem
1108 1283 1383 1336 Germanos
1408 1291 1677 1348 tentantes,
1703 1288 1886 1336 frustra

410 1370 558 1418 armis
586 1384 777 1433 semper
803 1369 961 1419 victos
987 1370 1316 1419 succubuisse.
1347 1369 1444 1420 Sed
1457 1386 1517 1420 ne
1542 1376 1711 1421 vetera
1730 1371 1884 1435 inquit

410 1470 798 1513 commemorem,
837 1455 967 1503 bello
1006 1455 1246 1519 superiori
1272 1455 1497 1518 PersicO,
1538 1471 1642 1505 cum
1680 1472 1739 1506 ea
1775 1461 1889 1506 tunc

410 1537 666 1588 occasione
692 1537 920 1586 utendum
948 1538 1042 1586 sibi
1067 1538 1162 1608 rati
1189 1537 1446 1600 Germani,
1473 1555 1641 1590 rursus
1668 1540 1731 1589 ad
1754 1540 1887 1603 inge-

409 1622 538 1670 nium
563 1621 848 1679 rediissent,
888 1623 1085 1671 multum
1111 1623 1397 1672 incommodi
1435 1622 1667 1673 Caesaris
1701 1623 1887 1673 ditioni-

409 1707 513 1767 buS,
541 1705 752 1770 praedas
779 1705 890 1755 inde
917 1706 1128 1769 agendo,
1154 1707 1511 1766 incursionibus
1538 1722 1623 1756 eas
1649 1707 1885 1766 vexando,

409 1789 624 1850 insidiis,
652 1789 836 1853 aliquot
860 1790 991 1839 viros
1017 1792 1197 1853 forteS,
1237 1793 1417 1841 arcium
1442 1779 1719 1857 praefectos
1744 1791 1888 1842 inter-

412 1873 656 1938 cipiendO,
695 1872 896 1923 hostilia
927 1875 1085 1924 omnia
1110 1875 1159 1923 in
1184 1891 1243 1924 ea
1281 1876 1575 1937 exercendO,
1612 1874 1888 1936 intulerunt,

411 1957 547 2015 ade0,
579 1961 632 2006 ut
655 1957 866 2006 assiduis
893 1973 1056 2007 eorum
1078 1959 1388 2022 querimoniis
1422 1959 1658 2023 fatigatus
1685 1957 1887 2017 Caesar,

413 2041 589 2090 dudum
629 2040 688 2089 de
713 2041 1001 2090 ulciscendis
1039 2042 1226 2111 iniuriis
1265 2043 1546 2105 statuisset,
1582 2042 1677 2091 nisi
1708 2057 1889 2091 memor

411 2123 652 2186 foederiS,
681 2125 839 2174 omnia
864 2125 1026 2190 prius,
1054 2141 1196 2190 quam
1221 2127 1332 2187 vim,
1359 2132 1407 2176 et
1426 2142 1562 2176 arma
1587 2126 1800 2191 experiri
1825 2125 1889 2176 ad

410 2208 615 2257 nominis
641 2209 716 2257 sui
729 2210 1035 2259 Maiestatem
1050 2210 1294 2275 pertinere
1310 2211 1649 2260 existimasset.
1677 2211 1888 2259 Tantam

413 2307 523 2340 esse
560 2293 937 2342 latrunculorum
982 2295 1172 2343 illorum
1217 2295 1654 2359 importunitatem,
1691 2297 1743 2342 ut
1780 2293 1888 2342 vias

413 2389 604 2435 omneS,
632 2375 806 2438 quibus
833 2374 1303 2441 Constantinopolim
1329 2377 1389 2425 iri
1416 2377 1607 2426 solitum
1634 2376 1722 2438 sit,
1748 2392 1887 2441 prae-

415 2459 579 2508 sertim
606 2474 723 2508 vero
756 2459 884 2530 ultra
923 2459 1250 2523 Szegzardum
1277 2460 1407 2509 circa
1431 2460 1663 2521 Batham,
1703 2464 1751 2509 et
1786 2460 1888 2509 fini-

411 2543 529 2592 tima
562 2543 740 2609 oppida
777 2543 1121 2593 infestissimas
1158 2543 1469 2593 reddiderint.
1511 2545 1692 2594 Verum
1727 2548 1886 2593 tamen

415 2614 680 2676 Caesarem
719 2625 779 2676 de
823 2627 1010 2676 damnis
1037 2628 1186 2676 illatis
1214 2628 1470 2689 satisfieri,
1508 2628 1603 2677 sibi
1628 2628 1793 2678 ablata
1818 2644 1889 2676 re-

413 2710 567 2772 stitui,
602 2711 823 2775 captivos
850 2711 1037 2771 dimitti,
1064 2717 1112 2760 et
1136 2711 1307 2760 foedus
1334 2713 1531 2761 comiter
1558 2712 1652 2763 coli
1675 2711 1888 2776 postula-

412 2792 559 2843 visse.
602 2795 659 2843 Id
683 2795 757 2843 illi
783 2796 967 2844 causati
994 2810 1087 2844 non
1125 2796 1187 2845 ab
1213 2796 1453 2860 ipsorum,
1493 2796 1580 2845 sed
1617 2796 1793 2860 partim
1824 2795 1886 2843 ab

413 2877 702 2928 Archiducis
742 2878 909 2929 Caroli
946 2879 1177 2939 subditis,
1215 2881 1390 2944 partim
1430 2897 1547 2930 vero
1574 2880 1685 2929 aliis
1717 2878 1886 2927 liberis

412 2961 671 3028 peditibus,
700 2963 779 3028 qui
806 2979 862 3013 eo
876 2962 1072 3012 foedere
1086 2979 1181 3012 non
1193 2963 1566 3026 includerentur,
1593 2979 1681 3013 nec
1697 2961 1885 3011 omnino
