2112 3288
0 2001 13 2070 -“””“““”“
0 1711 19 1996 Waevw
0 975 13 1706 *mmmm-.-
0 952 2 959 v<

663 187 729 220 DE
753 186 862 220 REB.
890 185 1003 220 vus.
1035 186 1146 221 nne.
1174 187 1240 220 XI.
1270 186 1315 220 L.
1343 186 1394 220 11.
1490 158 1498 162 ἦ
1683 168 1792 232 ’317

284 310 388 355 tam
413 318 469 353 se
502 318 648 368 quam
683 302 962 367 complures
1002 307 1281 352 nostrorum
1322 307 1453 351 tetra
1489 307 1645 352 morte
1691 304 1795 352 affi-

286 392 468 438 cerent.
494 389 696 437 Interea
722 401 904 449 magno
931 401 1134 435 numero
1161 386 1211 434 in
1248 401 1364 435 arce
1390 386 1441 434 in
1466 402 1611 435 unum
1638 387 1796 435 coacti

284 476 425 522 tanta
451 471 662 522 audacia
688 470 875 520 nostris
902 469 1211 531 restiterunt,
1244 475 1298 518 ut
1322 469 1578 518 tormentis
1602 470 1799 518 tandem

285 555 336 604 in
362 569 449 604 eos
475 553 729 604 fulminari
752 552 902 602 fuerit
926 567 1147 601 necesse.
1188 553 1268 602 Ita
1306 553 1465 602 nostri
1503 552 1701 602 Iaurino
1728 553 1797 601 in-

295 638 484 689 effabili
509 638 607 687 Dei
633 636 895 686 clementia
909 635 1050 701 potiti
1073 635 1225 685 fuere.
1255 634 1519 685 Cadavera
1545 651 1800 686 caesorum

291 722 342 771 in
356 721 683 787 profluentum
693 720 977 769 Danubium
993 719 1056 768 ad
1072 724 1247 782 quater
1261 720 1394 769 mille
1408 725 1644 770 sexcenta
1659 736 1802 770 sexa-

291 805 434 870 ginta
459 805 674 869 quinque
709 804 931 869 proiecta
957 808 1083 853 sunt.
1125 801 1228 852 Alii
1255 804 1303 852 D
1331 804 1665 853 Barbarorum
1691 820 1804 854 esse

290 903 469 939 caesos
496 889 676 938 dicunt.
706 886 858 953 Capti
884 878 1201 952 septingenti,
1221 903 1390 937 omnes
1419 888 1511 937 viri
1535 888 1706 950 forteS,
1734 894 1805 938 at-

289 988 384 1038 que
408 973 636 1022 veterani
659 972 962 1035 bellatores,
991 953 1273 1037 eor1111i,qui
1300 972 1642 1021 subterraneis
1665 972 1806 1022 cellis

288 1062 437 1121 atque
465 1057 651 1107 cloacis
682 1057 861 1105 inclusi
885 1057 1193 1117 interierunt,
1232 1072 1463 1107 numerus
1496 1057 1630 1106 haud
1654 1058 1804 1106 facile

289 1141 403 1190 iniri
469 1142 664 1206 poterit.
731 1141 984 1204 Nongenti
1038 1142 1151 1205 equi
1202 1141 1552 1204 generosiores
1603 1142 1805 1206 reperti,

294 1230 495 1290 praeter
533 1225 874 1274 incredibilem
912 1225 1070 1274 omnis
1097 1226 1298 1289 generis
1325 1225 1705 1291 supellectilium
1733 1243 1809 1275 ar-

292 1323 578 1374 morumque
605 1310 814 1373 copiam,
843 1325 969 1374 quae
1009 1315 1193 1373 quanta
1217 1311 1414 1371 fuerint,
1452 1327 1514 1360 ne
1554 1311 1809 1360 aestimari

293 1394 487 1459 quidem
514 1398 698 1459 potest.
756 1395 1028 1444 Tormenta
1064 1395 1249 1444 bellica
1287 1395 1477 1444 maiora
1515 1411 1575 1443 ac
1618 1396 1808 1446 minora

290 1494 418 1543 quae
445 1478 659 1540 curulia,
679 1479 990 1542 campestria,
1010 1479 1221 1544 aliisque
1247 1479 1424 1528 muniis
1452 1479 1700 1529 destinata
1725 1497 1808 1529 vo-

289 1564 395 1613 cari
420 1563 599 1624 solent,
650 1562 848 1612 circiter
876 1564 1149 1628 quingenta
1175 1569 1376 1628 reperta
1416 1570 1542 1626 sunt,
1582 1565 1804 1629 pulveris

292 1647 624 1697 tormentarii.
644 1685 654 1697 .
673 1686 683 1697 .
701 1685 738 1708 .,
785 1648 975 1713 plumbi
1000 1649 1044 1696 L
1069 1649 1245 1713 pond0,
1273 1649 1535 1712 globorum
1574 1649 1810 1713 cuiusque

293 1730 495 1794 generis
536 1731 692 1781 maior
703 1747 783 1781 um
822 1732 977 1781 XXV
1009 1732 1164 1781 millia
1202 1732 1253 1781 in
1278 1733 1403 1781 turri
1441 1732 1644 1782 inventa
1682 1738 1809 1794 sunt,

295 1817 464 1882 plures
504 1831 650 1880 quam
700 1821 804 1866 tres
843 1816 951 1866 auri
977 1817 1270 1881 argentique
1309 1822 1507 1879 tonnae,
1548 1822 1597 1867 et
1623 1818 1813 1883 aliquot

295 1900 458 1950 librae
496 1899 866 1949 Zebellinarum
904 1900 1120 1965 pellium,
1158 1901 1260 1951 VII
1297 1901 1571 1951 testudines
1604 1917 1693 1951 seu
1716 1902 1813 1950 for-

279 1983 467 2033 -nicata
490 1983 687 2038 horrea,
716 1984 895 2047 farina,
922 1984 1083 2047 melle,
1111 1983 1260 2045 orisa‚
1288 1989 1337 2034 et
1363 2000 1511 2034 carne
1537 1986 1700 2050 plena.

731 2280 967 2333 CAPVT
1008 2283 1371 2344 QVARTVM.

311 2374 390 2425 De
403 2377 644 2444 leyatione
663 2375 900 2442 Sapha-ni
916 2388 958 2427 et
980 2381 1208 2429 Andreae
1222 2381 1571 2430 Batlzorz'orum
1587 2380 1654 2430 ad
1667 2381 1815 2430 Prin-

307 2462 465 2525 cipem
484 2462 890 2527 Transylvaniae,
921 2467 1117 2529 eiusque
1134 2465 1202 2514 ad
1216 2465 1536 2530 Budolphum
1561 2464 1817 2514 Caesarem

987 2549 1139 2598 abitu.

452 2653 808 2705 Inaudiverant
851 2655 1133 2722 Stephanus
1180 2662 1229 2706 et
1266 2655 1496 2706 Andreas
1535 2655 1820 2706 Cardinalis

307 2737 491 2786 fratres
531 2737 784 2802 Bathorei,
828 2741 910 2805 qui
948 2746 1048 2791 tum
1087 2742 1137 2790 in
1175 2741 1383 2791 Polonia
1422 2742 1704 2801 exulabant,
1745 2740 1819 2790 si-

311 2821 623 2885 gismundum
653 2824 1055 2888 Transylvaniae
1080 2826 1359 2891 Principem
1387 2823 1611 2874 Comitiis
1637 2825 1820 2874 habitis

310 2905 615 2968 provinciam
642 2906 922 2958 Austriacis
948 2911 1079 2960 velle
1117 2911 1392 2974 resignare.
1445 2909 1621 2973 Itaque
1653 2909 1820 2958 missis

312 2987 494 3039 Albam
520 2990 718 3055 legatis,
752 2997 974 3044 amanter
1021 2995 1085 3045 ad
1111 2994 1389 3059 Principem
1429 2993 1664 3056 scribunt,
1691 3008 1820 3043 eum-
