2112 3288
596 177 660 209 DE
686 176 793 209 ΗΕΒ.
819 175 930 209 VNG.
960 175 1070 209 Duc.
1099 177 1145 210 x.
1171 177 1216 209 L.
1246 178 1308 210 VI.
1600 164 1701 215 129

621 363 856 414 OAPVT
912 362 1271 414 OCTAVVM.

191 480 268 534 De
312 492 541 534 renovato
567 483 861 535 desciscendi
899 501 931 532 a
975 483 1149 533 Taurois
1195 484 1395 547 decreto,
1435 490 1698 551 captisque,

455 585 512 616 ac
537 566 801 632 interfectis
827 567 1079 617 nonnullis
1105 568 1425 634 Maynacz'bus.

333 689 413 740 Ibi
437 694 701 754 postquam
729 704 784 739 se
812 689 909 739 iam
936 690 984 738 in
1011 695 1115 739 tuto
1130 690 1342 755 positum
1362 691 1510 753 videt,
1534 706 1698 756 quam-

191 773 266 824 vis
293 779 529 839 acceptae
557 774 767 824 iniuriae
795 775 946 825 altius
974 776 1151 835 animO,
1180 791 1324 840 quam
1354 776 1489 826 credi
1527 777 1696 840 potuit,

186 857 485 919 insederant,
529 874 839 923 nequaquam
877 865 1040 908 tamen
1079 859 1128 907 in
1169 859 1432 909 vindictam
1471 860 1697 926 protinus

183 930 535 1008 erumpendum
562 949 715 1001 ratuS‚
756 943 944 1007 ingenti
983 944 1145 994 animo
1185 945 1442 995 iracundia
1469 946 1693 996 dissimu-

186 1025 304 1087 lata,
330 1043 392 1078 ne
418 1033 639 1077 extrema
665 1028 714 1089 ii,
742 1028 918 1092 quibus
958 1030 1302 1090 succensebat,
1348 1017 1693 1095 desperatione

185 1112 417 1183 corrupti,
444 1112 632 1177 aliquid
658 1112 955 1162 obstinatius
982 1114 1281 1176 molirentur,
1300 1115 1600 1179 singularem
1627 1117 1693 1165 le-

182 1190 385 1249 nitatem
421 1199 813 1263 praeseferebat.
842 1199 1008 1248 Tanta
1023 1199 1150 1248 enim
1176 1199 1434 1264 pollebant
1449 1201 1684 1250 adversa-

187 1284 250 1335 rii
279 1285 513 1349 potentia,
564 1289 617 1334 ut
654 1283 863 1333 maxime
904 1285 1170 1334 verendum
1206 1286 1380 1347 fuerit,
1432 1302 1494 1335 ne
1545 1287 1589 1335 si
1640 1287 1691 1334 in

185 1370 497 1422 manifestum
526 1374 805 1434 erumperet
831 1370 1027 1431 bellum,
1067 1369 1326 1435 plurimum
1367 1371 1555 1434 negotii
1589 1371 1691 1421 suis

188 1456 381 1522 opibus,
404 1471 464 1505 ac
490 1454 734 1516 clientelis
774 1454 994 1519 Principi
1031 1455 1352 1504 facesserent.
1406 1454 1498 1506 Oui
1523 1456 1610 1515 rei,
1636 1460 1689 1505 ut

180 1541 379 1592 obviam
403 1540 512 1600 iret,
540 1554 678 1604 spem
703 1538 851 1588 nullis
892 1539 1198 1600 occludebat,
1236 1556 1395 1604 neque
1433 1556 1689 1590 occurren-

180 1629 272 1688 tes,
299 1630 384 1676 aut
423 1640 478 1686 se
518 1623 770 1685 adeunteS,
810 1623 940 1672 limis
980 1623 1136 1673 oculis
1175 1624 1472 1688 intuebatur,
1500 1625 1590 1674 sed
1615 1642 1690 1687 ea,

180 1727 280 1778 qua
303 1710 443 1776 prius
468 1708 711 1770 comitate,
740 1724 800 1758 ac
825 1708 1063 1758 facilitate
1102 1726 1208 1759 cum
1246 1710 1309 1758 iis
1335 1711 1689 1772 conversandO,

177 1796 323 1847 modo
351 1795 411 1844 de
432 1795 581 1844 rebus
607 1793 753 1843 seriis
793 1793 1117 1855 deliberabat,
1155 1810 1502 1861 nonnunquam
1538 1796 1688 1845 etiam

177 1881 452 1941 iocabatur,
480 1895 540 1947 ac
565 1878 726 1928 cibum
753 1879 995 1928 sumebat.
1026 1879 1104 1929 Ne
1126 1879 1341 1943 gratiam
1369 1880 1563 1945 quidem
1603 1896 1686 1945 pe-

176 1966 394 2015 tentibus
420 1979 587 2014 eorum
614 1962 879 2025 nonnullis,
908 1962 1158 2013 difficilem
1185 1979 1240 2013 se
1265 1966 1572 2029 praestabat.
1588 1963 1688 2013 Sed

178 2048 481 2100 exorabilem
508 2063 563 2097 se
591 2048 653 2097 iis
679 2053 880 2113 praeter
907 2047 1118 2096 omnium
1159 2047 1435 2112 opinionem
1477 2049 1685 2113 praebe-

175 2136 278 2194 bat,
305 2139 354 2184 et
377 2118 705 2182 immemorem
755 2147 809 2182 se
847 2131 1134 2181 iniuriarum
1175 2133 1495 2195 ostendendo,
1522 2133 1685 2198 inspe-

178 2225 339 2271 ratam
362 2217 743 2284 praeseferebat
769 2216 1204 2279 mansuetudinem,
1236 2222 1286 2265 ut
1310 2217 1387 2281 iis,
1416 2217 1593 2281 quibus
1608 2234 1684 2268 se-

176 2319 296 2366 cum,
325 2319 478 2369 supra
504 2318 650 2367 quam
678 2302 904 2366 cuiquam
932 2302 1168 2351 credibile
1195 2302 1299 2363 fuit,
1327 2302 1682 2365 indignaretur,

173 2388 400 2438 fiduciam
425 2387 699 2448 suscitaret,
728 2402 787 2436 ac
823 2392 954 2436 metu
981 2386 1139 2449 simul,
1166 2392 1215 2436 et
1241 2387 1524 2452 suspicione
1552 2389 1682 2438 omni

174 2471 425 2523 liberaret.
452 2472 598 2522 Haec
621 2478 674 2522 ut
701 2472 831 2522 serio
860 2489 890 2521 a
916 2487 970 2522 se
998 2472 1083 2536 agi
1122 2472 1282 2536 magis
1321 2473 1546 2523 omnibus
1571 2489 1680 2538 per-

176 2558 421 2621 suaderet,
450 2574 558 2608 cum
583 2558 710 2607 varii
748 2558 808 2607 de
848 2558 1108 2623 primatum
1146 2557 1438 2623 proditione,
1479 2574 1538 2607 ac
1566 2558 1679 2607 aliis

180 2641 231 2692 id
255 2657 426 2706 genus,
468 2643 531 2692 ad
570 2658 738 2693 eorum
777 2643 991 2692 dedecus
1029 2643 1405 2708 pertinentibus,
1456 2657 1678 2691 rumores

172 2726 374 2792 passim,
426 2742 483 2776 ac
515 2742 779 2789 sermones,
818 2727 1094 2791 famosique
1120 2725 1280 2775 libelli
1308 2726 1678 2774 circumferren-

173 2815 267 2873 tur,
295 2809 481 2872 edictis,
509 2826 567 2859 ac
605 2811 952 2876 diplomatibus
991 2812 1042 2860 in
1081 2813 1257 2861 valvas
1298 2809 1469 2859 summi
1508 2809 1679 2874 templi

174 2893 368 2955 affixiS,
391 2893 590 2959 publice
619 2895 879 2957 prohibuit,
919 2911 981 2945 ne
1020 2895 1129 2959 quis
1171 2909 1403 2959 proceres
1442 2892 1678 2958 proditio-

175 2979 254 3028 nis
303 2979 623 3038 insimularet,
686 2995 844 3043 neque
896 2979 1008 3030 aliis
1061 2979 1230 3044 probri
1282 2977 1547 3041 generibus
1597 2977 1676 3026 vel

207 3071 349 3098 MONVM
380 3069 612 3096 11VNG.fflS'1·
647 3085 678 3088 »—
700 3070 949 3097 SCRIPTORES.
971 3072 1052 3097 XVI]
1477 3073 1503 3113 9

1594 3164 1619 3185 ὁ
