2112 3288
514 206 580 239 DE
618 205 726 239 REB.
756 204 869 237 VNG.
898 204 1008 239 Duo.
1034 205 1081 240 X.
1107 206 1151 240 L.
1179 207 1279 240 vm.
1487 199 1493 202 ⁴
1575 192 1683 243 1771

178 323 352 371 simum
401 321 474 369 eis
525 320 802 368 convivium
852 320 1086 369 exhibuit.
1139 321 1199 368 In
1254 335 1312 369 eo
1356 322 1676 372 festivissime

171 403 432 468 Principes
482 403 680 467 excepti
730 403 1012 467 donatique,
1051 403 1295 467 singulari
1345 404 1544 453 tandem
1584 407 1675 454 sub

172 501 435 552 vesperum
484 501 667 551 pompa
715 486 766 534 in
815 501 980 535 arcem
1043 485 1268 546 rediere,
1330 486 1497 551 ibique
1550 487 1678 536 diem

171 569 461 619 dominicum
535 569 932 620 solemnitatibus
1008 570 1310 635 nuptialibus
1379 570 1676 621 destinatum

173 653 338 718 quiete
386 655 774 719 praestolavere.
845 654 921 702 Eo
983 654 1294 716 adventante,
1358 654 1554 703 circiter
1592 655 1676 704 ho-

172 753 280 787 ram
304 753 484 787 nonam
509 738 798 787 matutinam
823 738 1057 802 templum
1085 735 1309 803 Sponsus
1348 753 1456 786 cum
1483 736 1678 803 Sponsa

175 821 461 871 solemniter
497 821 776 883 introducti,
804 822 1087 872 concionem
1124 837 1322 872 sacram
1367 822 1676 881 audiverunt,

171 919 286 954 mox
310 904 425 954 inde
450 906 645 969 egressi
670 905 863 969 regium
876 905 1196 970 nuptialeque
1212 905 1490 955 convivium
1516 906 1676 954 celeb-

172 1004 363 1039 ravere.
384 986 467 1045 Ὲο
495 990 724 1039 absoluto
751 990 802 1039 in
826 991 1062 1054 templum
1100 1005 1274 1039 rursus
1316 989 1677 1054 regrediuntur,

173 1077 224 1122 et
259 1073 531 1122 orationem
567 1071 775 1123 latinam
801 1074 864 1123 ab
904 1072 1163 1139 Alphonso
1202 1071 1410 1123 Carillio
1447 1074 1677 1139 Hispano

174 1155 486 1221 Theologiae
525 1157 745 1207 Doctore
782 1158 1005 1208 habitam
1042 1173 1134 1208 sua
1177 1158 1463 1223 praesentia
1488 1163 1678 1207 ornant.

174 1240 235 1290 In
284 1257 346 1292 ea
370 1240 660 1307 Alphonsus
700 1243 954 1293 celebrata
986 1241 1285 1292 Austriacae
1310 1242 1678 1306 Bathoriaeque

172 1325 404 1388 familiae,
432 1341 538 1376 cum
566 1327 874 1391 antiquitate,
899 1331 1004 1376 tum
1030 1326 1284 1389 dignitate,
1314 1331 1527 1390 quantas
1553 1325 1678 1376 haec

174 1408 627 1472 antiquissimarum
654 1410 859 1460 duarum
884 1411 1181 1461 familiarum
1208 1412 1471 1476 copulati0,
1509 1417 1679 1476 poten-

172 1491 570 1559 tissimorumque
595 1510 860 1558 regnorum
899 1495 1139 1545 connexio
1176 1495 1410 1544 habitura
1447 1495 1513 1544 sit
1552 1511 1678 1545 com-

176 1575 454 1641 moditates,
481 1583 531 1628 et
556 1584 789 1644 quantum
814 1580 1039 1645 paritura
1064 1580 1512 1642 emolumentorum,
1551 1582 1681 1646 copi-

173 1673 262 1710 ose
288 1660 524 1724 declarat,
550 1665 874 1728 omnibusque
898 1664 1078 1713 faustis
1115 1668 1362 1712 tantorum
1399 1663 1680 1727 Principum

172 1744 372 1809 nuptias
398 1748 733 1812 prosequitur.
779 1747 877 1797 His
904 1747 1141 1798 confectis
1180 1747 1231 1796 in
1255 1744 1503 1796 Palatium
1541 1748 1679 1798 rede-

172 1833 272 1892 unt,
311 1835 362 1880 et
397 1831 572 1896 epulas
609 1832 925 1898 vespertinas
950 1831 1141 1895 ingenti
1168 1847 1275 1881 cum
1300 1832 1482 1896 plausu
1519 1833 1680 1882 celeb—

172 1917 299 1963 rant.
327 1941 393 1949 —
419 1914 667 1966 Postridie
693 1916 973 1982 Principem
1001 1913 1352 1980 Caesareoque
1379 1918 1566 1980 genero
1593 1933 1678 1966 na-

173 2001 277 2047 tam
324 2013 529 2050 uxorem
567 2002 759 2051 solenni
809 2016 917 2050 cum
967 2015 1149 2065 pompa
1198 1997 1566 2050 introducentes
1627 2001 1679 2048 in

174 2082 424 2148 templum,
451 2089 500 2134 et
525 2085 675 2135 altari
706 2085 1002 2135 assistentes
1028 2083 1318 2149 Alphonsus
1357 2101 1384 2134 e
1422 2084 1680 2134 vicecomi-

174 2166 308 2218 tibus
320 2168 1075 2236 Mediolanensibus,Episcopus
1091 2168 1395 2231 Cerviensis,
1411 2174 1461 2219 et
1473 2170 1680 2220 nuncius

175 2267 267 2318 pro
305 2258 528 2319 tempore
553 2256 871 2321 apostolicus,
909 2255 1102 2306 solenni
1138 2255 1235 2304 ritu
1273 2254 1593 2312 confirmavit,
1633 2259 1683 2304 et

174 2338 355 2390 faustis
382 2339 607 2390 omnibus
634 2340 1004 2390 sacratissimas
1029 2340 1183 2388 hasce
1207 2339 1407 2403 nuptias
1433 2354 1525 2403 pro
1546 2352 1682 2387 more

175 2429 469 2490 prosecutus
507 2429 599 2474 est.
637 2424 757 2474 Mox
797 2424 981 2489 templo
1021 2423 1219 2487 egressi
1254 2422 1414 2487 epulis
1442 2436 1497 2471 se
1521 2436 1680 2486 popu-

174 2510 373 2573 lumque
432 2509 667 2559 refecere.
745 2507 847 2558 Sed
893 2523 955 2557 ne
1016 2509 1186 2572 plures
1250 2503 1341 2572 (uti
1401 2506 1452 2555 in
1508 2521 1681 2569 regum

174 2592 548 2658 principumque
614 2592 938 2659 matrimoniis
1000 2590 1312 2641 celebrandis
1373 2590 1481 2639 fieri
1532 2585 1679 2653 solet)

176 2673 480 2740 nuptialibus
527 2676 879 2726 festivitatibus
930 2675 1038 2724 dies
1074 2675 1432 2734 tribuerentur,
1484 2672 1679 2735 epulum

178 2759 426 2825 publicum
453 2759 666 2821 daretur,
682 2760 824 2809 varia
848 2759 1241 2824 spectaculorum
1267 2771 1453 2820 genera
1480 2755 1681 2804 ederen-

177 2848 271 2905 tur,
299 2842 612 2906 equestriave
638 2844 908 2892 certamina
934 2836 1521 2902 exercerentur,missilia
1541 2852 1681 2902 spar-

179 2932 432 2991 gerentur,
472 2932 638 2976 cetera
676 2927 741 2976 ad
789 2927 1132 2977 ostentandam
1182 2923 1411 2990 publicae
1460 2921 1680 2971 laetitiae

176 3009 588 3076 significationem
608 3010 975 3061 accommodata
987 3009 1464 3067 administrarentur,
1479 3005 1681 3055 rumori-

232 3115 384 3143 MONVM.
402 3116 521 3143 HVNG.
539 3115 639 3142 HIST.
656 3129 689 3134 -
702 3115 952 3142 SCRIPTORES.
967 3115 1059 3142 xvn.
1485 3100 1538 3141 12
