2112 3288
604 217 667 248 DE
693 216 800 250 ΗΕΒ.
829 215 942 249 vNc.
970 215 1077 248 nnc,
1107 216 1151 248 x.
1180 217 1222 247 L.
1251 217 1331 249 v11.
1477 200 1485 203 ’
1625 201 1723 252 163

238 334 290 384 in
314 332 508 399 publico
548 334 678 382 luctu
715 336 918 396 propter
969 331 1150 380 obitum
1193 331 1493 381 Ferdinandi
1547 332 1721 382 Archi-

237 417 388 478 ducis,
404 422 453 466 et
477 415 803 466 laudatissimi
829 414 1074 479 Principis
1089 415 1303 476 Ernesti,
1333 416 1414 480 qui
1440 432 1535 464 non
1561 417 1725 466 multis

236 507 349 552 ante
375 500 547 559 diebus
571 501 621 550 in
648 500 826 564 Belgio
853 500 1020 549 evivis
1045 506 1345 550 excesserat.
1376 501 1727 551 Verumtamen

236 601 342 636 cum
367 600 450 635 res
491 602 677 636 moram
716 602 811 636 non
851 590 1116 650 pateretur,
1158 590 1206 635 et
1244 586 1305 635 ad
1344 586 1726 635 confirmandum

235 670 409 720 foedus
460 671 719 736 plurimum
761 670 1024 721 interesset
1075 670 1231 735 primo
1272 687 1466 735 quoque
1504 675 1726 736 tempore

235 755 535 805 sanctionem
562 755 793 820 promissi
820 755 1125 817 matrimonii,
1165 755 1291 804 unde
1330 756 1481 805 totius
1508 755 1725 806 foederis

235 840 474 890 certitudo
500 839 761 905 pendebat,
788 840 1100 902 intervenire,
1128 855 1181 888 re
1222 840 1316 901 din,
1357 841 1651 904 multumque
1678 840 1726 888 in

233 929 489 990 utramque
515 929 704 989 partem
731 924 933 986 agitata,
961 925 1157 973 tandem
1183 925 1480 974 authoritate
1508 926 1725 989 Impera-

233 1009 356 1059 toris
405 1009 454 1058 in
493 1009 544 1058 id
581 1014 870 1058 conventum
909 1014 999 1068 est,
1049 1014 1102 1058 ut
1153 1007 1465 1071 Sigismundo
1511 1007 1727 1074 Principi

235 1093 397 1143 Maria
434 1092 757 1154 Christierna,
796 1093 898 1142 filia
937 1090 1106 1142 Caroli
1145 1092 1439 1143 Archiducis
1479 1091 1726 1153 Austriae,

238 1178 394 1229 Ducis
419 1177 631 1244 Styriae‚
660 1177 960 1240 Carinthiae,
988 1176 1286 1236 Carnioliae,
1326 1178 1723 1242 desponsaretur.

238 1261 473 1314 Habebat
499 1279 558 1313 ea
594 1263 764 1329 plures
803 1264 949 1313 etiam
988 1278 1202 1325 sorores,
1243 1278 1443 1328 quarum
1483 1268 1601 1312 natu
1628 1279 1725 1312 ma-

238 1347 369 1397 xima
393 1348 562 1412 paucis
589 1352 701 1397 ante
742 1348 881 1397 annis
922 1346 1235 1411 Sigismundo
1277 1349 1449 1398 Tertio
1491 1348 1725 1397 Poloniae

241 1430 545 1497 Sueciaeque
560 1431 691 1496 Regi
714 1433 764 1481 in
778 1433 1136 1482 matrimonium
1162 1434 1327 1483 locata
1342 1434 1515 1483 fuerat.
1536 1432 1723 1495 Altera,

238 1532 345 1568 cum
370 1517 722 1583 Hispaniarum
750 1519 880 1582 Regi
918 1519 1166 1569 destinata
1202 1520 1402 1581 fuisset,
1454 1524 1608 1568 matre
1634 1519 1726 1568 iter

234 1602 285 1651 in
311 1603 731 1667 Transylvaniam
758 1603 987 1667 ingressa
1013 1619 1191 1668 magno
1207 1605 1415 1653 omnium
1437 1620 1542 1653 cum
1558 1604 1725 1653 dolore

239 1691 507 1737 extremum
535 1687 662 1736 diem
688 1687 893 1737 obierat.
923 1688 1078 1737 Multa
1105 1704 1224 1738 sane
1240 1689 1433 1738 viduam
1448 1689 1725 1753 Principem

243 1771 588 1837 impediebant,
638 1789 699 1821 ne
750 1772 899 1822 filiam
950 1774 999 1822 in
1050 1779 1147 1822 tam
1187 1774 1505 1837 longinquam
1558 1773 1721 1837 regio-

242 1872 366 1917 nem,
394 1863 455 1916 et,
506 1858 577 1907 uti
600 1857 882 1922 putabatur,
920 1859 1026 1907 fere
1076 1859 1125 1907 in
1175 1860 1347 1908 fauces
1386 1859 1719 1908 Barbarorum

239 1941 575 1992 abducendam
600 1948 866 2008 pateretur,
906 1944 1197 2008 praesertim
1237 1943 1584 1994 accedentibus
1612 1959 1724 2008 quo-

237 2027 496 2090 rundam,a
522 2028 697 2092 quibus
724 2029 916 2077 minime
938 2029 988 2076 id
1015 2029 1222 2078 omnium
1263 2028 1494 2078 decuerat
1530 2030 1725 2089 factum,

239 2111 510 2174 calumniis,
536 2113 712 2177 quibus
751 2118 852 2162 tum
892 2114 1022 2179 apud
1059 2115 1426 2180 Imperatorem,
1477 2121 1575 2164 tum
1609 2129 1726 2163 vero

238 2197 367 2264 apud
393 2197 519 2247 alios
557 2196 876 2260 ArchiduceS,
914 2199 1171 2265 ipsamque
1211 2198 1406 2249 viduam
1432 2199 1723 2264 Principem,

236 2284 288 2333 id
323 2283 540 2348 agebant
577 2271 761 2334 summo
801 2284 976 2346 studi0,
1016 2302 1076 2334 ne
1115 2285 1468 2335 matrimonium
1507 2300 1727 2336 consum-

238 2369 363 2419 mari
410 2374 594 2434 posset.
641 2369 1077 2420 Verumenimvero
1124 2370 1294 2420 maluit
1345 2370 1727 2435 prudentissima

238 2453 638 2519 pientissimaque
664 2454 887 2505 Heroina
913 2456 1141 2520 publicae
1169 2453 1442 2505 Christiani
1481 2455 1617 2505 orbis
1651 2470 1726 2503 sa-

238 2536 340 2597 luti,
366 2542 513 2602 atque
539 2540 650 2604 paci
677 2541 947 2602 consulere,
977 2557 1122 2606 quam
1135 2540 1346 2605 privatis
1372 2540 1629 2589 affectibus
1655 2539 1725 2587 in-

236 2621 499 2684 dulgendO,
526 2628 610 2673 aut
635 2624 829 2675 iniustis
845 2625 1243 2675 adversariorum
1269 2625 1549 2674 criminibus
1569 2623 1726 2671 locum

245 2705 370 2754 clam
396 2705 569 2768 dando,
595 2709 768 2758 salutis
796 2709 1087 2760 concordiae
1114 2725 1332 2771 cursum,
1371 2710 1468 2758 iam
1518 2707 1726 2757 feliciter

249 2790 539 2852 inchoatum,
601 2807 692 2842 sua
750 2794 1036 2845 difficultate
1086 2795 1453 2859 interrumpere.
1516 2791 1727 2841 Proinde

245 2890 427 2937 magna
453 2875 736 2939 solennique
764 2893 868 2928 cum
914 2895 1106 2944 pompa,
1146 2880 1194 2928 in
1219 2879 1450 2943 templum
1479 2875 1673 2942 Sponsa
1697 2893 1726 2925 a

244 2959 595 3022 Maximiliano,
608 2961 928 3013 Maximiliani
955 2966 1037 3025 II.,
1053 2971 1100 3014 et
1117 2963 1427 3013 Ferdinando
1445 2961 1612 3011 Caroli
1626 2962 1725 3011 filio

244 3044 467 3110 Sponsae
504 3047 657 3095 fratre
685 3044 1043 3099 Archiducibus
1084 3049 1328 3108 Austriae,
1357 3047 1576 3108 deducta,
1605 3052 1652 3095 et
1678 3046 1728 3094 in

1431 3141 1509 3182 112³
