2112 3288
7 319 47 986 rafflwwmswwae
10 239 53 274 κζ
20 195 30 219 -

3 2029 27 2131 '‘uz-ww·
0 1719 40 2013 fl‘mw‘w
6 1690 17 1701 1
18 1637 23 1657 ..
19 1601 30 1607 ι

591 198 656 230 DE
683 197 791 230 ΗΕΒ.
816 196 929 231 vno.
959 197 1069 230 nne.
1110 197 1156 231 x,
1183 198 1225 231 L.
1255 199 1303 231 v.
1539 213 1546 216 -
1647 185 1735 235 95,

194 319 287 377 ret,
313 312 536 364 certatim
564 313 789 362 omnibus
816 311 928 361 odio
966 312 1204 376 perfidiae
1256 314 1450 375 gentis,
1490 315 1540 364 in
1580 310 1711 379 ipso-

194 412 303 448 rum
327 402 568 461 cognatos
597 396 880 455 saevientiS,
909 395 972 444 ad
999 395 1105 444 eius
1131 396 1404 460 perniciem
1418 412 1709 447 concurren-

192 481 339 542 tibus,
367 496 574 546 quorum
599 495 834 531 successu
859 479 894 527 ii
919 479 1066 529 etiam
1106 480 1319 541 tandem,
1355 481 1439 544 qui
1465 481 1557 529 sub
1585 482 1712 531 Tur-

192 579 363 614 carum
386 564 593 630 imperio
620 565 819 628 degunt,
845 563 1056 624 invitati,
1085 578 1146 612 ne
1188 564 1252 612 ab
1292 563 1408 613 aliis
1434 563 1612 625 studio,
1641 570 1712 614 31-

193 662 288 714 que
313 648 576 699 alacritate
602 649 929 709 vincerentur,
970 648 1106 697 facta
1142 648 1270 696 clam
1312 647 1540 709 coitione,
1574 647 1626 695 vi
1649 648 1711 696 il-
1788 708 1794 711 Α

190 732 311 795 lata,
337 723 582 796 iniustam,
610 748 909 798 saevamque
948 733 1287 782 Barbarorum
1325 733 1711 782 dominationem

189 817 365 868 ulcisci
388 818 442 869 in
465 819 679 869 animum
711 818 1021 868 induxerunt.

661 1082 896 1134 CAPVT
924 1081 1233 1134 SEXTVM.

273 1204 347 1252 De
372 1203 511 1252 clade
536 1220 714 1265 eorum,
753 1205 850 1267 qui,
893 1203 1157 1251 Ie‘niensem
1197 1218 1356 1250 arcem
1390 1209 1634 1264 ceperunt.

336 1322 438 1374 Sed
460 1323 512 1373 in
530 1323 625 1372 hoc
650 1323 908 1388 proposito
937 1322 1050 1371 aliis
1079 1322 1200 1372 alibi
1221 1322 1582 1371 cunctantibus.
1606 1336 1702 1370 non

191 1408 340 1475 pauci
365 1424 428 1458 ex
455 1407 660 1473 Chrysii
686 1408 890 1466 accolis,
932 1407 1365 1472 Transylvanicae
1395 1406 1703 1471 potissimum

193 1493 534 1557 Turcicaeque
573 1493 788 1554 ditionis,
839 1508 1034 1554 magno,
1084 1498 1137 1541 ut
1176 1492 1434 1556 putabant,
1487 1491 1700 1549 silentio,

190 1594 253 1628 ne
278 1572 592 1644 deprehensi,
618 1592 707 1626 suo
728 1592 783 1626 se
804 1575 985 1625 indicio
1012 1577 1293 1641 proderent,
1308 1592 1454 1625 unum
1479 1575 1704 1623 inlocum

189 1663 542 1714 convenientes
582 1662 803 1725 iuvenes,
829 1662 1001 1726 plures
1043 1677 1189 1725 quam
1214 1661 1444 1721 trecenti,
1473 1661 1602 1709 inter
1628 1675 1705 1708 ar-

131 1809 134 1811 ,
188 1752 355 1799 menta
380 1748 446 1798 ad
470 1747 675 1798 labores
702 1747 991 1809 assuefacti,
1020 1761 1143 1811 quos
1161 1746 1419 1810 hajdukos
1450 1760 1700 1803 vocamus,

187 1833 374 1883 maiore
402 1832 564 1882 31111110
608 1848 754 1896 quam
792 1831 996 1891 viribus,
1036 1830 1171 1880 nullo
1213 1835 1351 1879 certo
1391 1830 1533 1893 duce,
1569 1829 1702 1878 nullo

187 1916 372 1978 ordine,
401 1916 617 1981 arreptis
642 1920 827 1965 temere
855 1915 1024 1976 armis,
1053 1930 1180 1979 quae
1207 1929 1318 1964 sors
1347 1915 1524 1979 cuique
1551 1914 1702 1964 admi-

185 2001 499 2064 nistraverat,
525 2000 590 2050 ad
616 2001 834 2051 Ieneium
858 2000 1059 2050 1311110111
1071 2000 1237 2048 ferunt
1264 2000 1429 2048 delati.
1476 2000 1536 2049 111
1561 1994 1702 2064 oppi-

186 2085 299 2136 dum
337 2087 487 2152 paulo
527 2091 641 2135 ante
679 2085 853 2145 lucem,
895 2085 1264 2148 quiescentibus
1303 2084 1464 2133 adhuc
1505 2084 1702 2143 Turcis,

189 2185 392 2234 quorum
418 2170 565 2236 pauci
592 2170 721 2220 domi
748 2169 1004 2219 custodiae
1030 2169 1205 2230 relicti,
1233 2169 1386 2218 ceteri
1400 2184 1509 2218 cum
1534 2183 1701 2217 eorum

190 2253 454 2305 Praefecto
480 2255 529 2304 in
555 2255 739 2326 castris
755 2254 1258 2305 Temesvariensibus
1280 2258 1437 2315 erant,
1454 2252 1701 2317 aggressi,

186 2338 366 2390 iniecto
391 2339 539 2389 tectis
575 2339 682 2402 igni
720 2339 931 2404 primum
968 2337 1341 2399 inflammatum,
1395 2337 1572 2387 deinde
1611 2352 1701 2385 0011

189 2422 301 2472 dato
327 2422 490 2487 signo,
516 2439 615 2488 11113
642 2424 816 2488 cuique
857 2424 1015 2473 visum
1056 2423 1162 2485 fuit,
1203 2439 1293 2488 per
1331 2423 1471 2471 vicos
1514 2422 1699 2472 discur-

186 2512 312 2569 runt,
337 2507 508 2558 domos
534 2508 801 2570 excutiunt,
828 2507 1005 2557 obvios
1028 2522 1250 2571 quosque
1276 2505 1507 2571 spoliant,
1535 2507 1701 2555 omnia

185 2590 404 2656 rapiunt,
429 2593 613 2644 nullius
639 2594 719 2643 reia
739 2593 900 2642 minus
918 2607 1177 2656 memores,
1206 2607 1354 2655 quam
1367 2591 1603 2656 propriae
1619 2606 1696 2639 sa-

188 2675 322 2726 lutis.
344 2675 524 2741 Neque
551 2678 679 2727 enim
704 2682 916 2727 mentem
944 2676 1145 2726 subibat
1188 2676 1385 2724 miseris
1426 2691 1486 2724 ea
1513 2674 1698 2736 cogita-

183 2759 269 2818 tio,
295 2759 537 2824 quomodo
562 2767 848 2826 perpetrato
889 2767 990 2811 tam
1024 2760 1201 2810 audaci
1237 2760 1475 2818 facinore,
1530 2773 1700 2822 super-

187 2843 497 2894 venientibus
538 2844 729 2895 interea
761 2845 1003 2907 hostibus,
1058 2845 1117 2894 de
1158 2855 1362 2908 quorum
1402 2841 1696 2907 praesertim

187 2929 290 2979 aris
334 2927 558 2992 focisque
598 2934 845 2992 ageretur,
884 2935 986 2980 tam
1033 2929 1177 2992 gravi
1216 2927 1394 2976 iniuria
1432 2925 1695 2987 lacessitis,

186 3013 388 3063 ruituris
420 3013 481 3063 ad
508 3013 790 3076 vindictam,
817 3022 952 3065 esset
976 3013 1320 3074 resistendum,
1337 3011 1579 3075 quomodo
1607 3026 1696 3076 per
