2112 3288
471 199 573 250 266
982 215 1055 248 10.
1080 215 1214 249 Dncn
1238 215 1435 249 BARovn

462 332 571 380 dine
598 336 765 381 essent
789 331 960 380 hostes
980 331 1175 392 ibidem,
1219 347 1280 380 an
1310 347 1371 380 ex
1397 314 1663 396 improviso
1690 345 1777 394 per
1791 330 1948 393 irrup-

462 417 641 465 tionem
678 416 727 465 in
766 416 944 465 castris
971 416 1384 466 Zolnokiensibus
1412 415 1665 465 obruendi.
1715 413 1957 478 Vngarici

462 499 653 564 quidem
682 514 912 564 proceres
939 499 1060 548 nihil
1086 500 1193 548 fore
1207 499 1476 549 consultius
1493 499 1774 558 censebant,
1802 513 1951 564 quam,

458 582 501 631 si
539 581 761 631 audendo
801 581 987 645 aliquid
1013 581 1286 631 Zolnokum
1319 596 1474 644 usque
1513 580 1708 629 obviam
1731 579 1954 630 hostibus

455 666 619 726 iretur,
649 670 979 728 nocturnaque
1021 665 1070 713 in
1099 679 1183 713 eos
1209 665 1478 728 irruptione
1504 665 1652 725 facta,
1692 668 1952 728 antequam

453 748 713 799 universae
756 748 926 810 copiae
965 747 1238 797 Turcarum
1278 749 1503 808 afforent,
1543 747 1638 796 XL
1675 747 1764 795 illa
1801 746 1954 799 millia

456 839 820 883 antecursorum
846 834 926 881 vel
954 833 1246 893 delerentur,
1272 833 1352 881 vel
1375 834 1550 882 saltem
1571 832 1950 896 dissiparentur:

456 917 525 965 ita
563 916 688 965 enim
739 916 871 975 fore,
923 920 975 964 ut
1013 921 1208 965 ceterae
1247 931 1442 980 quoque
1482 914 1716 965 Caesaris
1754 915 1954 966 Turcici

457 999 625 1063 copiae
663 1000 742 1047 vel
781 1004 912 1047 retro
947 999 998 1047 in
1035 999 1204 1062 fugam
1240 999 1610 1060 coniicerentur,
1655 999 1736 1048 vel
1776 999 1950 1050 saltem

453 1087 581 1131 metu
618 1081 876 1146 perculsae
928 1083 1086 1131 minus
1125 1083 1358 1131 audacter
1407 1083 1834 1147 progrederentur.
1886 1082 1954 1133 At

457 1165 741 1215 Germanici
767 1181 1000 1230 proceres
1028 1165 1275 1215 diversum
1302 1166 1594 1224 sentiebant,
1640 1181 1731 1215 nec
1756 1167 1952 1216 obviam

451 1253 618 1297 tantae
657 1248 991 1298 Barbarorum
1042 1248 1337 1298 multitudini
1391 1248 1596 1298 eundum
1644 1249 1951 1310 statuebant:

450 1337 715 1398 propterea
755 1333 883 1396 quod
911 1333 1110 1382 stultum
1148 1334 1277 1383 foret
1303 1347 1538 1382 summam
1575 1333 1647 1382 rei
1686 1332 1769 1382 uni
1805 1323 1948 1398 prae-

452 1417 519 1465 lio
546 1416 862 1465 committere.
900 1416 1027 1465 Nam
1056 1416 1099 1464 si
1125 1416 1389 1465 universae
1425 1415 1644 1480 ipsorum
1671 1417 1844 1480 copiae
1871 1416 1951 1466 de-

456 1501 686 1562 lerentur,
712 1500 896 1549 nullum
913 1501 1017 1548 fore
1033 1500 1243 1564 amplius
1256 1500 1666 1564 impedimentum,
1693 1501 1948 1564 quominus

456 1583 612 1633 victor
633 1584 966 1634 Barbarorum
993 1583 1240 1633 exercitus
1266 1583 1549 1632 universam
1577 1583 1855 1647 Vngariam
1881 1588 1950 1633 at-

454 1682 546 1729 que
563 1665 880 1716 Germaniam
891 1672 1168 1731 occuparet,
1191 1672 1239 1716 et
1254 1672 1429 1716 cuncta
1442 1668 1589 1730 longe
1605 1668 1804 1731 lateqae
1816 1669 1949 1718 ferro

449 1753 595 1812 atque
629 1748 827 1799 flamma
863 1755 1186 1814 pervastaret.
1217 1750 1435 1812 Vngaris
1465 1750 1671 1813 quidem,
1725 1751 1807 1814 qui
1853 1752 1952 1800 sint

455 1847 622 1882 omnes
639 1833 841 1882 levioris
862 1838 1154 1893 armaturae,
1169 1833 1635 1897 pernicioribusque
1655 1833 1795 1897 equis
1808 1850 1949 1898 prae-

455 1915 555 1976 diti,
577 1915 734 1964 minus
748 1916 854 1965 fore
868 1916 1152 1980 periculum,
1181 1916 1327 1966 etiam
1343 1917 1387 1965 si
1399 1917 1596 1965 fortuna
1619 1916 1798 1966 Martis
1813 1932 1870 1966 eo
1898 1932 1953 1966 se

453 1998 725 2058 inclinaret,
764 2004 817 2047 ut
851 2000 971 2062 fuga
1008 1999 1237 2048 utendum
1270 2000 1424 2062 foret;
1463 2000 1551 2048 sed
1579 1997 1844 2049 Germanis
1880 2001 1949 2049 uti

449 2083 570 2145 fuga
596 2082 691 2131 sibi
718 2083 990 2143 consulant,
1030 2083 1274 2147 integrum
1313 2099 1622 2147 nequaquam
1647 2083 1767 2143 fore,
1804 2099 1949 2148 prop-

448 2170 587 2215 terea
614 2166 743 2229 quod
769 2170 817 2214 et
844 2181 1087 2216 armorum
1113 2167 1342 2231 pondere,
1372 2171 1421 2216 et
1459 2182 1691 2231 equorum
1715 2166 1949 2216 tarditate

447 2248 511 2297 ad
526 2248 780 2297 Statariam
794 2249 953 2312 magis
968 2265 1197 2313 pugnam,
1214 2265 1357 2314 quam
1373 2249 1436 2298 ad
1448 2249 1758 2298 velitationes
1779 2248 1945 2299 idonei

451 2332 562 2381 sint.
612 2331 824 2380 Proinde
852 2346 906 2380 se
931 2348 1241 2396 nequaquam
1270 2349 1328 2382 eo
1364 2333 1596 2382 audacter
1636 2332 1946 2393 deventuros,

451 2420 503 2464 ut
529 2414 698 2479 copias
725 2430 843 2463 suas
869 2420 1053 2464 temere
1080 2417 1130 2464 in
1155 2421 1343 2465 tantum
1370 2416 1630 2464 discrimen
1657 2415 1942 2465 coniiciant:

449 2497 740 2562 praesertim
773 2513 917 2562 quum
942 2498 993 2546 in
1018 2498 1262 2547 mandatis
1296 2499 1359 2564 ab
1387 2500 1691 2562 Imperatore
1715 2498 1945 2559 habeant,

453 2581 797 2651 compescendi
847 2582 1009 2645 potius
1039 2583 1304 2640 Barbaros,
1352 2597 1413 2630 ne
1450 2582 1599 2631 latius
1640 2586 1945 2646 grassentur,

448 2679 591 2727 quam
618 2669 792 2728 sponte
817 2664 1109 2713 lacessendi.
1149 2664 1244 2713 His
1270 2664 1437 2728 itaque
1464 2670 1610 2729 atque
1624 2665 1736 2715 aliis
1750 2666 1802 2714 in
1816 2665 1943 2714 hanc

453 2737 745 2797 sententiam
773 2748 1076 2813 disceptatis,
1104 2764 1212 2797 cum
1236 2764 1470 2813 proceres
1492 2749 1734 2813 Vngarici
1758 2749 1945 2797 frustra

451 2846 506 2879 se
522 2825 763 2880 ¹laborare
789 2831 1027 2893 viderent,
1056 2836 1290 2880 statutum
1333 2837 1419 2894 est,
1460 2838 1512 2885 ut
1537 2848 1627 2881 arx
1652 2831 1938 2881 Hatvanum

447 2914 671 2962 funditus
699 2915 957 2977 deleretur,
997 2915 1155 2977 Agria
1192 2916 1447 2965 tormentis
1488 2916 1836 2980 praesidioque
1860 2915 1939 2963 fir-

452 3004 682 3061 maretur,
732 3014 790 3048 ac
827 3004 1024 3053 ceterae
1063 3000 1234 3066 copiae
1260 3005 1390 3050 retro
1421 3015 1475 3049 se
1501 3000 1791 3067 reciperent,
1819 3003 1867 3049 et
1890 2998 1939 3056 in
