2112 3288
386 179 490 230 322
887 198 963 233 10.
991 199 1124 233 DEcn
1150 199 1353 235 BARovn

385 304 648 377 exponere,
692 328 862 364 omnes
902 316 1204 365 catervatim
1242 332 1404 366 arcem
1441 318 1799 381 ingrediuntur,
1855 325 1904 370 et

383 413 473 462 per
509 397 824 461 interpretem
863 399 1070 462 primum
1121 400 1332 450 omnium
1382 399 1627 450 decretum
1664 402 1901 468 Meggye-

386 483 549 532 siense
586 480 850 543 refricant,
891 497 986 546 quo
1039 488 1230 533 cautum
1267 483 1457 545 fuisset,
1483 500 1545 533 ne
1570 484 1900 535 Romanensis

386 565 584 628 Religio
618 565 865 630 publicum
897 566 1138 616 Varadini
1177 568 1462 617 exercitium
1492 568 1712 618 haberet.
1761 570 1900 619 Idem

385 649 548 699 Albae
575 648 735 698 Iuliae
774 664 881 698 cum
918 655 1090 711 antea,
1129 656 1229 701 tum
1254 666 1373 700 vero
1402 657 1514 701 ante
1540 652 1806 702 triennium
1832 652 1900 701 di-

384 738 515 782 serte
554 737 752 783 cautum
791 748 918 795 esse,
963 750 1025 783 ne
1064 736 1145 784 vel
1171 735 1488 795 Varadinum,
1537 737 1617 785 vel
1659 736 1755 785 alio
1783 752 1898 801 quo-

384 832 543 880 quam,
583 821 932 880 praeterquam
974 816 1156 867 Albam
1199 818 1400 877 Iuliam‚
1447 817 1813 883 Claudiopolim
1851 824 1900 870 et

384 900 754 959 Monasterium,
782 900 1000 950 Iesuitae
1025 907 1238 964 possent
1269 901 1524 951 introduci.
1565 902 1899 952 Verumenim-

385 999 504 1033 vero
529 984 757 1032 inventos
786 998 899 1032 esse
927 984 1165 1047 quosdam
1205 985 1524 1048 alienigenae,
1552 987 1806 1050 profugos,
1839 1002 1899 1037 ac

383 1067 674 1126 helluones,
728 1066 810 1129 qui
849 1065 1064 1116 decoctis
1103 1067 1246 1115 bonis
1298 1067 1519 1130 paternis
1559 1067 1745 1129 ingenti
1782 1083 1897 1118 aere

389 1150 549 1200 alieno
588 1149 831 1213 oppressi,
870 1149 1148 1214 Principem
1191 1149 1555 1213 sigismundum
1582 1151 1898 1212 accesserint,

389 1249 447 1282 ac
473 1232 638 1292 aedes,
677 1247 801 1296 quas
839 1232 945 1282 iure
985 1233 1208 1282 dotalitio
1251 1233 1301 1281 in
1329 1234 1451 1282 urbe
1477 1238 1648 1283 nostra
1672 1234 1895 1299 posside-

388 1321 512 1376 rent,
552 1330 665 1365 sese
704 1313 975 1364 Catholicis
1014 1316 1065 1364 in
1092 1330 1264 1365 sacros
1290 1330 1409 1365 usus
1436 1332 1757 1367 concessuros
1783 1333 1895 1382 pro-

389 1399 514 1449 fessi
550 1399 664 1462 sint,
715 1399 791 1448 cui
828 1399 902 1448 rei
943 1414 1033 1448 nos
1074 1399 1346 1463 (inquiunt)
1397 1405 1566 1462 aperte
1605 1401 1897 1450 contradixi-

390 1498 511 1544 111118,
551 1499 610 1531 ac
652 1496 713 1531 ne
739 1482 789 1531 id
815 1482 921 1532 fieri
959 1488 1214 1548 pateretur
1246 1483 1499 1548 PrincePS,
1536 1484 1771 1549 promissi
1796 1483 1895 1533 chi-

389 1564 629 1630 rographi
655 1571 801 1630 atque
827 1567 1087 1616 iuramenti
1113 1582 1309 1628 memor,
1350 1567 1517 1616 missis
1556 1583 1617 1617 ex
1667 1568 1796 1617 omni
1821 1582 1896 1616 or-

392 1651 554 1700 dinum
567 1665 767 1700 numero
789 1651 909 1700 viris
930 1651 1182 1714 gravibus,
1210 1651 1390 1701 obnixe
1407 1652 1667 1702 oravimus.
1693 1651 1897 1701 Verum-

391 1734 637 1783 enimvero
675 1738 861 1782 tantum
900 1735 1059 1794 abest,
1098 1739 1151 1782 ut
1191 1734 1421 1798 precibus
1447 1735 1631 1783 nostris
1657 1735 1894 1784 obsecun-

390 1817 635 1878 dasset,ut
646 1815 811 1880 potius
826 1831 887 1864 ex
901 1821 1262 1880 praeconcepto
1292 1817 1498 1879 quodam
1520 1818 1686 1866 furore
1699 1818 1895 1881 legatos

389 1905 586 1949 nostros
622 1899 948 1963 ignominiose
986 1899 1228 1959 habuerit,
1271 1900 1483 1949 fustibus
1533 1900 1728 1962 publice
1766 1901 1895 1949 exci-

390 1983 598 2049 piendos
627 1983 887 2044 curaverit,
915 1998 973 2032 ac
1015 1997 1105 2032 nos
1131 1983 1268 2046 ipsos
1298 1982 1530 2032 inauditis
1569 1982 1801 2032 conviciis
1825 1983 1895 2033 af-

388 2066 575 2127 fecerit,
627 2070 774 2129 atque
826 2066 1072 2114 violenter
1110 2065 1204 2114 hoc
1250 2081 1372 2115 onus
1410 2066 1553 2115 nobis
1591 2066 1891 2130 imposuerit.

391 2151 550 2211 Quum
575 2165 693 2199 vero
719 2165 876 2214 nuper
901 2149 1213 2198 mutationem
1242 2149 1559 2213 Principaius
1585 2148 1893 2210 vidissemUS‚

390 2250 450 2283 ea
475 2232 732 2283 occasione
758 2233 989 2282 utendum
1015 2233 1123 2293 rati,
1151 2249 1212 2282 ne
1240 2249 1405 2282 annua
1428 2232 1818 2297 praescriptione
1843 2233 1893 2282 in

388 2316 708 2381 possessione
735 2330 902 2365 earum
929 2316 1120 2365 aedium
1147 2315 1566 2376 confirmarentur,
1579 2315 1773 2379 placide
1806 2329 1893 2363 eos

389 2400 738 2460 admonuimus,
769 2405 822 2448 ut
848 2415 907 2448 ea
935 2400 1177 2449 cederent.
1207 2398 1306 2447 Sed
1334 2403 1520 2448 tantum
1535 2398 1691 2459 abest,
1717 2402 1770 2446 ut
1793 2413 1892 2447 mo-

387 2484 502 2534 nitis
527 2483 712 2532 nostris
738 2483 1035 2548 paruissent,
1083 2488 1135 2532 ut
1159 2483 1322 2547 potius
1349 2482 1692 2546 ignominiosis
1721 2481 1890 2530 verbis

388 2566 743 2636 responderint,
780 2567 1082 2630 famosisque
1118 2566 1302 2616 libellis
1327 2566 1524 2629 publico
1553 2569 1795 2628 suggestu
1820 2565 1892 2614 af-

388 2651 502 2701 fixis
527 2656 628 2700 tam
660 2650 1010 2700 contumeliose
1049 2650 1408 2710 exacerbarint,
1446 2654 1500 2699 ut
1533 2665 1595 2699 ne
1620 2648 1890 2698 vilissimus

391 2734 583 2799 quidem
610 2723 814 2797 quisque
840 2738 976 2783 tanto
1004 2733 1233 2782 dedecori
1258 2733 1460 2782 ferendo
1486 2733 1675 2782 fuisset.
1713 2733 1890 2795 Itaque

390 2810 586 2867 sibimet
610 2822 864 2882 acceptum
888 2817 1064 2875 ferant,
1105 2817 1334 2881 quicquid
1359 2817 1439 2866 hic
1478 2833 1508 2865 a
1538 2815 1682 2865 nobis
1708 2815 1889 2865 factum

391 2906 481 2950 081.
511 2901 640 2950 Nam
667 2916 759 2950 nos
786 2900 980 2964 quidem
1007 2900 1127 2949 nihil
1154 2899 1247 2950 hac
1272 2917 1326 2950 re
1354 2900 1594 2949 adversus
1620 2897 1888 2948 Caesarem

391 2984 728 3047 commisimus,
773 2985 849 3035 cui
874 2984 1177 3053 paratissimi
1218 3000 1411 3053 semper
1438 2997 1618 3045 sumus,
1643 2996 1798 3046 usque
1824 2980 1889 3031 ad
