2112 3288
438 160 538 211 108
978 180 1043 212 10.
1072 180 1205 214 DEcn
1230 181 1428 215 BARovn

434 293 728 342 cumberent.
757 294 889 343 Dato
914 294 1065 358 igitur
1091 312 1286 360 pugnae
1313 297 1470 360 signo,
1499 301 1630 347 tanto
1657 298 1814 346 nostri
1840 299 1927 347 im-

433 382 547 440 petu
573 377 623 424 in
637 377 889 426 Barbaros
915 377 1178 439 incurrere,
1205 384 1257 428 ut
1282 380 1439 444 primo
1467 381 1633 429 statim
1651 386 1825 431 conatu
1840 397 1926 431 eos

432 460 775 523 propellerent,
802 476 890 510 seu
915 462 1043 524 quod
1068 477 1244 511 revera
1270 462 1438 512 hostes
1464 464 1533 511 ita
1559 464 1809 525 sentirent,
1837 479 1925 514 seu

433 542 559 605 quod
587 542 816 592 simulata
841 543 962 607 fuga
988 544 1052 593 ad
1078 550 1321 594 tormenta
1346 561 1431 594 eos
1448 547 1805 610 pertraherent.
1823 548 1923 596 Ita-

431 641 526 688 qne
563 626 816 675 tormentis
837 628 1072 691 explosis,
1122 629 1384 678 inclamant
1417 630 1622 693 Vngari,
1657 629 1925 679 cedendum

430 714 696 773 parumper
721 710 978 772 Barbaris,
1007 711 1117 760 dum
1143 717 1383 761 tormenta
1410 718 1748 771 exonerentur,
1777 718 1934 777 atquev

429 791 558 840 intra
608 792 918 842 munitionem
970 809 1217 843 carrorum
1255 796 1612 853 recurrendum,
1661 812 1724 845 ne
1763 796 1826 844 ab
1858 796 1921 845 iis

429 875 682 934 abstracti,
710 876 1187 926 circumvenirentur.
1216 878 1345 927 Dum
1382 878 1474 927 hoc
1499 879 1692 942 Vngari
1725 879 1923 940 faciunt,

428 948 679 1019 Rasciani,
708 964 757 1007 et
781 958 1006 1021 Valachi,
1035 976 1156 1024 quos
1194 961 1244 1009 in
1271 967 1521 1023 postrema
1559 962 1770 1011 statione
1794 963 1924 1026 posi·
1987 1016 1989 1018 ,

430 1046 507 1089 tos
548 1041 783 1102 diximus,
834 1043 930 1091 rati
966 1059 1067 1092 rem
1111 1044 1206 1093 iam
1246 1045 1295 1092 in
1319 1045 1438 1107 fuga
1464 1046 1748 1103 consistere,
1775 1051 1921 1110 terga

427 1124 650 1187 protinus
677 1125 807 1186 dant,
823 1130 872 1174 et
887 1141 940 1174 se
956 1127 1003 1174 in
1018 1127 1171 1190 pedes
1191 1142 1245 1176 se
1259 1127 1531 1177 coniiciunt.
1547 1129 1606 1177 Id
1619 1128 1703 1178 ubi
1712 1129 1924 1178 Barbari

429 1212 803 1270 conspexerunt,
833 1208 1070 1257 acerrimo
1097 1210 1263 1258 statim
1289 1211 1472 1273 impetu
1495 1211 1546 1258 in
1571 1218 1766 1260 nostros
1809 1226 1922 1260 sese

427 1288 654 1350 inferunt,
683 1305 867 1353 eosque
894 1291 1159 1351 fortissime
1185 1292 1476 1340 resistentes
1515 1292 1718 1341 fundunt
1768 1298 1917 1356 atque

427 1374 614 1436 fugant.
643 1374 723 1422 Ita
750 1373 912 1420 caesis
939 1373 1161 1422 omnibus
1188 1374 1322 1434 viriS,
1346 1375 1615 1438 quicunque
1631 1374 1927 1440 deprehensi

428 1460 553 1514 sunt,
586 1454 812 1503 foeminis
861 1460 1021 1504 autem
1074 1472 1132 1504 ac
1163 1456 1329 1519 pueris
1368 1450 1577 1505 maximo
1629 1473 1830 1507 numero
1869 1458 1920 1506 in

428 1539 712 1588 servitutem
740 1537 1075 1599 abductis,vix
1105 1556 1165 1588 ex
1191 1544 1327 1588 tanto
1353 1555 1552 1588 numero
1579 1541 1785 1589 trecenti
1807 1556 1922 1590 eva·

426 1629 611 1685 serunt,
642 1624 723 1686 qui
762 1623 1045 1672 documento
1073 1624 1250 1672 ceteris
1278 1628 1457 1685 essent,
1491 1639 1552 1672 ne
1577 1629 1761 1673 temere
1786 1639 1923 1673 arma

429 1711 601 1756 contra
652 1705 952 1755 valentiores
997 1707 1087 1755 sub
1126 1707 1314 1756 incerta
1359 1722 1448 1771 spe
1500 1706 1790 1757 auxiliorum
1848 1722 1926 1759 su·

424 1794 624 1839 merent.
