2112 3288
620 201 685 234 DE
711 200 819 234 REB.
845 199 958 233 vno.
987 198 1098 233 nne.
1128 199 1174 234 x.
1201 199 1246 232 L.
1275 199 1339 233 1v.
1535 213 1543 217 -
1667 188 1735 238 65

546 743 861 806 LIBER
912 742 1416 810 QVARTVS.

695 933 931 1007 CAPVT
972 933 1264 985 PRIMVM.

218 1057 299 1107 De
344 1057 581 1107 divisione
618 1057 886 1119 copiarum,
927 1064 968 1104 et
1007 1055 1254 1119 colloquio
1282 1055 1456 1121 Legati
1500 1054 1735 1122 Transyl-

714 1141 877 1189 vanici
904 1156 1015 1188 cum
1049 1136 1252 1189 Sinano.

361 1249 601 1316 Bipartiri
637 1248 900 1298 universas
940 1248 1111 1312 copias
1150 1249 1359 1312 placuit,
1399 1251 1560 1300 altera
1598 1265 1735 1317 pars,

221 1349 378 1399 eaque
403 1319 582 1400 potior,
610 1333 756 1382 ductu
783 1331 1025 1396 Stephani
1040 1332 1282 1382 Bathorei
1296 1334 1604 1385 Varadinum
1620 1336 1735 1386 mis-

219 1434 293 1481 sa,
317 1424 373 1468 ut
397 1419 468 1468 ibi
494 1423 701 1483 captata·
721 1434 784 1467 ex
810 1433 878 1477 re,
926 1422 975 1466 et
1009 1422 1231 1482 tempore
1258 1419 1535 1482 occasione,
1590 1421 1736 1470 simul

219 1517 327 1554 cum
353 1503 519 1553 Bassa
546 1502 967 1563 Temesvariensi,
997 1501 1088 1551 sed
1114 1493 1404 1566 alio,‘quam
1441 1503 1487 1552 is
1518 1509 1733 1569 putaret,

217 1587 380 1636 animo
421 1602 526 1635 rem
564 1589 776 1648 gereret.
828 1582 951 1633 Cum
991 1585 1152 1634 altera
1179 1585 1392 1634 eodem
1378 1603 1430 1635 m
1455 1588 1566 1637 loco
1592 1587 1732 1638 Prin-

215 1685 348 1737 ceps,
401 1670 547 1735 quasi
585 1670 848 1720 conatibus
888 1669 1118 1729 hostium,
1171 1670 1255 1733 qui
1294 1671 1395 1720 alia
1422 1685 1485 1722 ex
1511 1678 1655 1737 parte
1681 1673 1734 1721 in

213 1755 519 1822 provinciam
558 1764 727 1805 essent
754 1754 1034 1817 involaturi,
1064 1754 1262 1804 obviam
1301 1756 1460 1806 iturus
1486 1757 1730 1807 subsistit.

215 1838 340 1891 Cum
365 1841 492 1890 haec
515 1840 588 1890 ita
612 1844 894 1904 agerentur,
932 1839 1128 1888 interea
1154 1837 1447 1905 Sennyeius,
1475 1858 1506 1891 a
1546 1841 1732 1892 Sinano

214 1925 428 1986 rediens,
455 1940 584 1990 quae
611 1926 675 1974 ab
703 1939 761 1974 eo
789 1925 1055 1989 acceperit,
1109 1924 1280 1975 ordine
1319 1926 1484 1987 omnia
1523 1942 1732 1977 comme-

215 2009 441 2072 moravit,
471 2009 536 2058 ad
556 2009 877 2059 -Mohachium
902 2009 1039 2058 illum
1067 2023 1122 2058 se
1164 2011 1430 2074 reperisse,
1477 2027 1586 2061 cum
1619 2012 1732 2062 Bel-

213 2094 404 2144 lerbeio
440 2094 543 2144 filio
583 2094 787 2144 sociatis
827 2093 993 2154 armis,
1044 2094 1095 2142 in
1143 2093 1315 2144 hostes
1367 2103 1731 2161 properantem,

215 2178 435 2237 auditum
474 2179 622 2228 etiam
662 2179 725 2228 ab
765 2194 824 2227 eo
863 2178 1085 2243 placide,
1137 2194 1342 2229 munera
1382 2181 1429 2229 ei
1475 2179 1731 2244 obtulisse,

213 2277 384 2313 verum
410 2263 559 2313 nullis
586 2263 834 2328 precibus,
861 2267 911 2312 et
947 2261 1394 2327 pollicitationibus
1419 2265 1619 2316 flectere
1630 2266 1732 2316 ani-

208 2356 339 2397 ·mum
365 2347 602 2414 potuisse,
629 2347 681 2396 id
705 2352 894 2397 tantum
933 2353 1188 2412 perpetua,
1235 2350 1579 2415 constantique
1620 2368 1730 2402 ora·

211 2430 346 2480 tione
371 2431 713 2492 contendente,
734 2437 788 2481 ut
814 2432 858 2481 si
884 2430 1107 2497 Principi
1143 2433 1260 2494 vita,
1301 2435 1537 2499 salusque
1577 2436 1730 2485 chara

213 2521 395 2576 essent,
421 2517 558 2566 nulla
582 2517 877 2580 interposita
904 2533 1055 2578 mora,
1094 2518 1212 2567 totis
1251 2519 1302 2568 in
1339 2520 1511 2570 hostes
1538 2521 1728 2570 viribus

149 2596 158 2605 ’
212 2597 529 2650 incumberet.
557 2602 635 2650 Ita
659 2601 808 2650 etiam
834 2601 972 2650 illum
999 2617 1126 2663 esse,
1177 2603 1395 2653 ferocem
1432 2609 1610 2653 natura
1642 2604 1728 2653 ho-

213 2681 408 2742 minem,
434 2683 495 2732 de
523 2699 577 2734 se
603 2700 912 2749 persuasum,
937 2691 990 2735 ut
1016 2686 1179 2736 omnia
1206 2687 1304 2736 sibi
1329 2704 1486 2752 prona
1501 2688 1564 2737 ad
1578 2688 1730 2737 victo-

212 2766 351 2826 riam,
403 2771 452 2815 et
499 2768 667 2819 facilia
700 2775 852 2834 putet,
905 2775 1139 2834 certoque
1179 2771 1406 2831 affirmet,
1460 2776 1725 2835 antequam

212 2849 384 2915 hyems
421 2866 531 2900 eum
570 2854 634 2902 ab
660 2868 810 2918 opere
835 2861 1052 2913 revocet,
1098 2856 1222 2905 duas
1263 2871 1318 2904 se
1346 2870 1489 2904 arces
1518 2853 1725 2919 Vespri-

211 2935 358 2984 mium
401 2941 450 2984 et
475 2935 701 2987 Palotam
726 2945 1050 3004 recepturum,
1079 2944 1345 3004 appetente
1372 2939 1562 2988 demum
1596 2953 1726 2989 novo

212 3035 344 3080 vere,
387 3020 631 3070 Viennam
671 3022 846 3086 ipsam,
896 3023 1213 3088 Pragamque
1252 3023 1390 3072 nulla
1429 3039 1642 3087 unquam
1674 3023 1726 3078 in

245 3111 396 3138 MONVM
419 3113 538 3139 HVNG
561 3114 653 3140 fflS'r
687 3129 719 3132 —
741 3115 992 3142 semp-lomus.
1014 3117 1105 3142 xvu
1523 3120 1551 3160 ὑ
