2112 3288
351 138 454 190 312
606 196 610 201 ,
882 153 946 186 10.
976 153 1112 186 DEon
1136 152 1334 187 BARovn

350 272 460 331 rint,
488 270 709 319 dextram
735 274 916 334 petent,
945 274 992 318 et
1017 270 1248 333 plateam,
1290 282 1414 332 quae
1446 268 1652 332 primum
1678 283 1841 318 occur-

349 355 426 416 rit,
466 370 526 403 ae
550 354 710 403 forum
735 368 911 402 versus
951 354 1233 417 porrigitur,
1275 353 1598 416 occupabunt,
1637 368 1843 417 occupa‘

348 444 546 502 tamque
572 437 850 499 tuebuntur,
871 451 1152 500 summoque
1179 440 1354 485 conatu
1380 434 1429 484 id
1445 435 1628 484 dabunt
1641 450 1839 500 operae,

350 527 403 571 ut
437 523 544 571 foro
582 521 844 586 potiantur,
900 526 947 569 et
971 522 1221 585 proximos
1249 535 1468 584 quosque
1505 520 1641 568 vicos
1695 524 1842 584 atque

352 605 655 670 angiportus,
681 604 732 653 in
758 618 880 668 quos
905 604 1176 666 inciderint,
1202 604 1466 654 obtineant.
1494 602 1688 652 Dehinc
1712 607 1844 665 totus

351 688 665 752 Vngarorum
709 687 955 751 peditatus
1005 705 1034 737 a
1085 688 1288 737 dextera
1338 687 1638 750 sinistraque
1689 692 1844 750 parte,

352 786 497 836 quam
522 775 688 836 potest
713 770 980 832 celerrime,
1007 770 1134 819 omni
1161 771 1469 820 contentione
1490 771 1670 819 vallum
1696 775 1845 834 petet,

351 872 410 906 ac
433 856 485 904 in
509 855 560 904 id
586 869 772 903 summa
798 869 890 918 ope
906 854 1101 915 nitetur,
1139 860 1192 903 ut
1215 854 1437 918 inprimis
1463 853 1764 917 Vngaricum
1792 861 1842 906 et

353 937 668 999 Caesareum,
696 953 822 1001 quae
857 937 950 987 duo
992 953 1174 987 cornua
1200 936 1523 1001 Albaeregali
1559 942 1671 987 sunt
1698 954 1846 1004 oppo-

352 1022 463 1084 sita,
492 1021 756 1081 obtineant,
801 1036 859 1069 ac
886 1022 956 1070 ita
982 1026 1135 1070 totum
1161 1021 1343 1070 vallum
1381 1022 1432 1069 in
1471 1037 1607 1070 suam
1632 1026 1846 1085 potesta-

358 1111 455 1155 tem
481 1104 690 1167 redigat.
717 1102 951 1166 Vngaros
979 1104 1191 1168 excipiet
1217 1105 1330 1153 Don
1356 1104 1524 1168 Lopez
1550 1103 1726 1153 cohors
1750 1106 1849 1154 Ita·
1884 1112 1886 1114 ’

349 1190 459 1250 lica,
510 1203 635 1252 quae
674 1187 898 1236 similiter
939 1192 992 1235 ut
1018 1187 1211 1250 Vngari
1248 1188 1431 1241 vallum
1465 1192 1739 1252 capessent,
1788 1203 1847 1237 ac

349 1272 572 1336 Vngaris
601 1270 876 1320 subsidium
900 1271 1073 1332 ferent,
1102 1268 1491 1335 continuatisque
1530 1271 1715 1320 viribus
1742 1275 1844 1321 toto

350 1355 483 1406 vallo
522 1355 785 1419 potientur.
838 1354 947 1403 Hos
990 1360 1221 1418 sequetur
1260 1353 1438 1403 cohors
1478 1354 1536 1403 de
1575 1353 1847 1417 Strasold0‚

352 1440 435 1504 qui
459 1443 512 1488 ut
535 1439 743 1503 primum
770 1453 875 1487 cum
917 1439 1019 1488 suis
1058 1439 1251 1503 portam
1289 1438 1574 1498 transierit,
1625 1438 1846 1503 proxime

353 1523 416 1572 ad
441 1524 636 1572 laevam
665 1522 839 1586 pedem
878 1522 1010 1585 figet,
1050 1537 1141 1571 nec
1164 1522 1278 1570 inde
1305 1536 1546 1585 quoquam
1563 1522 1659 1570 nisi
1683 1522 1848 1571 iussus

350 1605 563 1655 recedet.
613 1605 837 1653 Tandem
876 1621 982 1654 cum
1020 1606 1250 1655 universo
1279 1603 1539 1655 Gallorum
1566 1604 1850 1655 Vallonum-

352 1704 446 1752 que
473 1689 691 1737 exercitu
725 1689 934 1750 residuo,
975 1691 1292 1754 peditatuque
1333 1688 1629 1739 Germanico
1670 1688 1848 1739 Comes

349 1773 459 1836 ipse
486 1770 1016 1835 Schwarzenburgicus
1050 1773 1368 1835 ingredietur,
1395 1777 1443 1820 et
1456 1777 1591 1820 recta
1617 1772 1666 1820 in
1690 1773 1848 1822 forum

351 1855 621 1915 contendet,
659 1860 712 1903 ut
750 1855 863 1904 inde
888 1856 1001 1905 labo
1015 1857 1242 1905 rantibus
1268 1856 1319 1904 in
1345 1871 1513 1904 omnes
1539 1847 1723 1920 partes,
1763 1857 1847 1905 ubi

351 1952 558 1986 necesse
595 1938 757 1999 fuerit,
798 1955 936 2002 opem
981 1940 1122 1987 ferat.
1178 1938 1384 1988 Comitis
1423 1954 1600 2000 agmen
1637 1939 1847 2003 excipiet

352 2019 553 2070 Gallica
590 2021 766 2069 cohors
796 2022 1010 2085 equitum
1060 2032 1155 2070 von
1183 2022 1242 2071 de
1280 2022 1445 2087 Huyn,
1475 2022 1556 2085 qui
1581 2021 1675 2071 cito
1703 2036 1849 2070 cursu

353 2105 417 2153 ad
441 2105 599 2154 forum
626 2105 898 2166 contendet,
936 2106 1155 2169 illudque
1185 2110 1412 2155 conserta
1438 2121 1582 2154 manu
1606 2105 1846 2154 Barbaris

352 2193 645 2251 extorquere
695 2189 965 2238 conabitur.
1019 2189 1126 2239 Hos
1154 2190 1393 2238 Dominus
1426 2189 1486 2237 de
1512 2188 1716 2239 Verlein
1742 2203 1849 2237 cum

350 2286 440 2319 sua
466 2271 724 2334 compania
750 2276 995 2334 sequetur,
1044 2272 1126 2336 qui
1172 2272 1347 2320 relicta
1396 2276 1541 2335 porta
1576 2272 1848 2335 proximum

352 2353 563 2416 spatium
599 2352 728 2400 inter
769 2354 936 2403 domos
977 2360 1025 2403 et
1052 2355 1235 2403 vallum
1263 2354 1533 2418 occupabit,
1572 2358 1621 2402 et
1658 2354 1847 2423 adDa-

350 2436 549 2489 nubium
574 2451 741 2499 usque,
771 2437 871 2485 nisi
896 2454 1094 2502 pugnae
1121 2439 1396 2487 necessitas
1421 2438 1711 2507 impedierit,
1737 2454 1848 2502 pro-

351 2520 507 2581 cedet,
534 2535 593 2568 ac
616 2520 667 2569 in
696 2520 798 2568 hoc-
815 2520 1074 2582 incumbet,
1112 2537 1173 2570 ne
1197 2510 1454 2570 Barbarus
1481 2521 1530 2570 in
1554 2510 1847 2579 ullaccivita-

349 2602 414 2652 tis
440 2607 582 2667 par-te
609 2617 721 2652 sese
748 2603 964 2666 colligat,
1012 2604 1278 2668 copiasque
1305 2619 1421 2653 suas
1449 2599 1735 2667 conglobet?
1765 2605 1848 2654 Ni-

353 2686 523 2735 colaus
549 2685 736 2735 Palfius
764 2701 869 2735 cum
893 2687 1130 2747 ungarico
1160 2687 1391 2750 equitatU,
1420 2692 1469 2736 et
1493 2687 1652 2736 tribus
1676 2687 1848 2736 turmis

355 2768 794 2832 cataphractorum,
821 2769 871 2817 in
897 2785 1065 2833 campo
1091 2770 1155 2818 ad
1179 2771 1432 2833 utriusque
1457 2771 1683 2820 fortunae
1708 2786 1849 2820 even-

354 2857 469 2912 tum,
498 2856 639 2902 extra
665 2858 835 2916 portas
850 2854 985 2903 urbis
1013 2855 1259 2915 consistet,
1276 2859 1325 2902 et
1350 2854 1655 2916 advigilabit,
1681 2869 1741 2903 ne
1767 2856 1848 2903 vel

355 2935 529 2986 urbani
556 2935 750 2986 Turcae
790 2930 1045 3002 erumpant
1084 2942 1230 3001 atque
1269 2938 1494 3000 evadant,
1534 2938 1616 2987 vel
1653 2937 1847 2988 finitimi
