2112 3288
547 177 612 209 DE
639 176 744 209 nnn.
771 175 884 208 vna.
914 174 1025 207 nne.
1052 175 1098 206 x.
1128 174 1172 207 L.
1200 173 1302 206 v111.
1512 201 1518 203 s
1601 159 1708 218 181,

199 311 260 346 eo
284 295 479 344 fuerant
504 292 852 349 Barbarorum,
881 290 963 352 qui
980 289 1203 352 quamvis
1230 288 1448 352 impares
1484 292 1701 350 numero,

197 362 359 428 tamen
373 375 629 426 castellum
644 373 853 422 dedituri
877 388 975 421 non
1001 372 1210 432 fuerant,
1226 370 1323 419 nisi
1352 385 1482 419 nova
1510 376 1702 421 nostro-

196 476 302 511 rum
317 458 522 509 solertia
547 457 751 506 militum
777 456 937 506 territi
961 454 1245 504 invitissimi
1269 454 1322 503 id
1346 454 1515 502 facere
1544 456 1702 504 coacti

194 543 418 592 fuissent.
444 540 685 604 Vngarici
701 540 827 589 enim
841 539 1048 604 pedites,
1067 537 1389 588 Moscovitico
1405 542 1553 587 antea
1566 538 1700 586 bello

195 625 369 689 edocti,
396 624 597 675 structis
624 623 965 673 subterraneis
992 621 1229 672 cuniculis
1255 621 1306 670 in
1331 621 1491 685 ipsum
1519 621 1699 669 castel-

193 712 292 761 lum
341 712 751 775 penetraverant,
814 707 1099 771 apertisque
1157 704 1334 754 subdiu
1380 703 1704 752 foraminibus

191 794 586 859 insuperstantes
626 790 880 840 Barbaros
917 790 1141 839 adinstar
1180 786 1465 852 antipodum
1504 786 1699 851 sclope-

190 877 256 927 tis
292 875 634 935 fulminabant,
667 875 790 924 miro
819 878 953 923 certe
981 888 1040 922 ac
1074 871 1325 938 prioribus
1364 870 1547 919 seculis
1586 886 1698 934 pro-

188 960 446 1026 pemodum
495 958 715 1008 inaudito
775 961 1147 1021 stratagemate,
1187 971 1295 1004 cum
1333 953 1530 1003 interim
1570 954 1697 1003 Tur-

189 1059 278 1094 cae
312 1042 450 1093 nulla
485 1042 549 1091 iis
586 1043 777 1091 ratione
816 1041 1018 1090 officere
1059 1043 1280 1105 possent.
1332 1037 1428 1086 His
1467 1035 1620 1099 igitur
1647 1041 1698 1086 ct

187 1126 430 1177 similibus
480 1130 763 1175 nostrorum
812 1124 1180 1173 inventionibus
1217 1120 1398 1181 territi,
1435 1120 1696 1169 castellum

119 1265 123 1269 ,
188 1210 489 1272 dediderunt,
531 1215 581 1259 et
617 1225 679 1258 ne
717 1226 748 1258 a
785 1208 959 1258 liberis
999 1207 1249 1272 peditibus
1287 1205 1607 1262 violarentur,
1645 1203 1696 1252 in

187 1294 367 1345 castris
392 1299 673 1345 nostrorum
701 1293 900 1351 detenti,
928 1297 978 1342 et
1002 1297 1117 1357 post
1144 1295 1341 1355 captum
1366 1287 1695 1339 Varsoczium

186 1379 453 1428 incolumes
479 1393 543 1428 ex
568 1383 714 1440 pacto
743 1377 933 1426 dimissi
971 1377 1126 1425 fuere.
1176 1375 1447 1437 Postquam
1486 1372 1692 1422 Tomos-

187 1477 360 1512 varum
385 1461 450 1510 ad
498 1461 712 1510 Bassam
743 1463 1089 1525 pervenerunt,
1127 1456 1382 1522 increpati,
1424 1455 1555 1519 quod
1591 1459 1693 1503 tam

188 1545 420 1595 celeriter
444 1559 500 1594 se
526 1543 847 1604 dedidissent,
874 1541 1252 1607 responderunt,
1286 1540 1410 1588 mira
1447 1553 1503 1587 se
1541 1537 1695 1588 hosti-

185 1645 266 1678 um
315 1628 533 1689 solertia,
572 1643 632 1679 ac
667 1627 1020 1691 propemodum
1068 1623 1368 1673 miraculosa
1404 1621 1694 1671 fortitudine

186 1712 344 1762 victos
369 1711 421 1760 id
444 1711 649 1760 fecisse:
684 1711 815 1759 Esse
855 1709 1097 1774 siquidem
1133 1708 1263 1757 inter
1301 1721 1402 1767 eos,
1445 1720 1553 1754 cum
1591 1705 1692 1754 alia

187 1795 349 1846 omnia
374 1793 614 1844 artificum
639 1809 840 1856 genera,
866 1798 967 1842 tum
993 1791 1237 1857 lapicidas
1275 1790 1567 1854 complures,
1609 1787 1693 1851 qui

186 1878 524 1929 subterraneis
549 1878 698 1928 factis
725 1877 965 1927 cuniculis
990 1877 1042 1925 in
1078 1876 1289 1925 medium
1324 1872 1519 1923 castelli
1556 1872 1691 1921 nullo

183 1961 383 2026 negotio
408 1966 769 2026 penetrassent,
798 1966 847 2009 et
871 1960 1030 2009 instar
1057 1958 1411 2008 Antichtonum
1437 1972 1500 2005 ex
1529 1955 1687 2004 visce-

183 2047 323 2095 ribus
347 2050 513 2094 terrae
561 2045 957 2109 insuperstantes
995 2042 1285 2092 bombardis
1323 2040 1685 2090 fulminassent.

186 2128 491 2191 Interrogati
553 2128 615 2177 de
686 2128 940 2192 praefecto
1015 2126 1254 2185 hostium,
1329 2123 1692 2189 responderunt

186 2223 294 2263 eum
319 2228 411 2262 nec
435 2226 780 2261 manuumnec
805 2211 984 2275 pedum
1012 2215 1287 2274 compotem
1315 2223 1454 2257 esse:
1494 2205 1690 2255 interim

184 2300 347 2344 tamen
371 2294 632 2360 prudentia
658 2299 707 2343 et
736 2293 925 2343 ferocia
974 2292 1252 2358 praeditum
1289 2290 1484 2339 fortiter
1526 2288 1690 2339 omnia

183 2377 461 2427 vocationis
487 2391 609 2426 suae
635 2376 800 2425 munia
826 2376 1017 2440 exequi.
1068 2375 1216 2439 Ipsos
1241 2389 1360 2424 vero
1395 2372 1576 2422 milites
1614 2376 1685 2419 to-

183 2467 278 2523 tos,
305 2460 475 2524 quanti
490 2460 661 2524 quanti
675 2463 858 2521 essent,
887 2459 1236 2523 cataphractos
1251 2472 1364 2506 esse
1379 2455 1688 2519 significave-

184 2549 311 2593 runt.
337 2543 435 2593 His
460 2548 728 2593 commotus
752 2544 916 2592 Bassa
942 2556 1234 2591 succensere
1260 2541 1338 2602 iis,
1367 2540 1498 2604 quod
1526 2553 1688 2586 sacer-

187 2626 301 2682 dos,
340 2640 430 2674 seu
481 2640 735 2675 sacrorum
773 2626 1059 2690 praefectus
1098 2623 1334 2683 (Hociam
1384 2622 1483 2686 ipsi
1521 2620 1691 2684 appel-

184 2710 334 2770 lant),
362 2714 605 2773 usurpata
629 2724 719 2774 pro
737 2709 995 2773 dignatate
1017 2708 1276 2770 religionis
1290 2703 1521 2770 loquendi
1542 2703 1689 2751 liber-

184 2796 302 2852 tate,
338 2791 595 2855 respondit
630 2792 847 2841 Bassae:
874 2796 1104 2856 paratum
1131 2806 1186 2840 se
1210 2791 1332 2849 fore,
1358 2793 1412 2837 ut
1436 2786 1579 2834 vivus
1607 2800 1689 2833 ex-

187 2874 414 2934 corietur,
464 2874 508 2922 si
557 2875 723 2937 fugam
770 2874 846 2922 illi
909 2874 1156 2937 arrepturi
1205 2874 1381 2921 forent.
1433 2869 1516 2917 Ita
1565 2883 1691 2917 com-

186 2956 426 3023 prehendi
477 2972 586 3007 eum
612 2957 790 3017 Bassa,
818 2962 867 3006 et
891 2957 1118 3017 vinctum,
1158 2954 1320 3020 quoad
1371 2952 1542 3002 salvus
1573 2950 1688 3002 inde
